2108 3698
104 96 158 272 {4
270 252 272 257 y
339 152 430 270 Cap.
461 154 495 239 1.
554 98 725 253 Indoies,
848 205 856 251 s
903 134 906 143 ¹

93 308 245 410 proprie
251 303 435 403 stipientia
443 317 679 402 nuncupatur.
727 308 851 399 Atque
873 301 953 378 hae'e

99 407 311 503 Theologiae
335 396 439 499 'supra
464 421 612 476 caeteras
637 401 833 476 eminentia
857 405 954 476 ratio

101 503 170 582 effe
196 507 360 589 videtur,
388 523 454 572 cut
488 501 608 575 eidem
641 500 772 596 Aquila
804 498 954 597 symboli

100 605 184 679 loco
209 601 381 685 addatur,
419 597 473 670 uti
506 600 631 672 videte
665 595 752 671 licet
782 598 819 671 in
849 618 971 672 vetar

40 770 46 787 ,
100 699 249 776 stiffimis
275 694 421 793 pittatia
438 696 672 797 D.Joanne1n
689 695 955 796 Evangelistam

100 795 375 895 Theologotum
424 794 626 894 principem
673 795 954 869 exhibentibus:

101 903 188 972 dum
214 897 313 969 enim
346 890 421 966 aliae
450 893 618 967 volucres
650 890 740 968 lucis
772 891 955 970 beneficio

91 1021 166 1095 per
193 991 317 1079 filvas,
347 1012 518 1089 campos,-
552 1008 719 1080 montes,
750 1014 817 1092 per
843 1017 890 1067 ue
916 991 956 1068 li·

78 1192 80 1197 Ι
99 1098 227 1169 berum
242 1101 369 1164 aetem
383 1087 705 1180 circumferuntun
728 1017 863 1190 Aqufla
878 1090 954 1165 sub·

98 1193 176 1267 limi
207 1188 338 1264 «volatu
371 1187 433 1263 soii
467 1187 757 1288 adpropinquat,
796 1191 837 1264 dt
870 1190 954 1265 itte·

33 1338 43 1345 ‚,
100 1290 208 1366 tortis
228 1282 398 1362 Phaebum
423 1287 540 1363 oculis
570 1287 744 1362 intuetur.
796 1283 972 1387 Itapro¹

99 1389 197 1466 feiio
223 1388 311 1459 dum
335 1381 481 1480 reliquae
502 1385 656 1461 scientiae
681 1382 827 1460 luminis
854 1408 955 1462 natu·

98 1491 181 1564 ralis
215 1509 287 1580 ope
320 1507 474 1580 petros
499 1485 565 1557 has
597 1483 786 1560 inferiores
815 1492 953 1585 vagan-

99 1605 179 1673 tur,
222 1582 425 1680 Theologia
462 1582 569 1656 altius
602 1580 672 1657 sese
705 1583 873 1672 extollit,
895 1586 953 1663 ,dt

98 1685 214 1783 ipsum
224 1680 368 1754 luminis
369 1678 663 1783 stapernnturalit
678 1678 819 1758 fontem
827 1686 949 1759 Deum

101 1779 384 1879 contemplatur.

486 1940 554 2020 VI.

18 2072 21 2083 ⁴
149 2076 236 2152 Non
272 2070 386 2151 solum
431 2093 555 2152 autem
596 2073 783 2163 nobilitas,
817 2093 951 2150 vetum

101 2179 212 2252 etiam
248 2165 436 2250 neceffita's
469 2175 503 2250 T
505 2173 710 2274 heologiam
728 2174 844 2271 supra
873 2172 953 2248 teli·

100 2298 190 2372 quas
217 2273 380 2348 scientias
405 2276 554 2359 evehit,
580 2297 659 2370 quae
685 2292 786 2346 tanta
812 2270 883 2359 est,
910 2286 979 2344 ut-

99 2377 236 2468 absque
274 2373 493 2471 haeiitatione
526 2369 582 2442 fas
614 2369 655 2441 fit
688 2371 952 2466 pronunciare,

22 2476 25 2491 '
69 2474 71 2479 ’
98 2472 195 2545 sacra
213 2471 283 2545 hac
307 2469 493 2554 dosttina,
527 2486 704 2564 quantum
731 2470 776 2543 ad
803 2466 952 2543 substan·

1 2637 3 2643 ,
97 2572 186 2642 tiam
205 2570 365 2658 adtinet,
391 2560 580 2638 Ecciefiam
597 2589 720 2640 carere
738 2564 950 2663 neutiquam

49 2670 52 2679 '
96 2667 219 2768 puiset
245 2667 347 2756 cujus
373 2663 425 2736 rei
450 2664 615 2769 universe
640 2665 733 2743 ratio
759 2663 831 2749 est,
865 2668 952 2764 quo·

96 2769 196 2842 niam
222 2760 380 2856 inhujus
398 2765 638 2854 provtdentiae
659 2762 792 2851 cursu,
817 2760 857 2836 in
878 2784 952 2860 quo

97 2867 257 2939 humana
280 2854 443 2934 conditio
469 2863 514 2934 ad
540 2861 670 2936 statum
705 2860 953 2958 supernatura·

96 2960 170 3037 lem
196 2961 245 3034 est
271 2954 432 3056 elevata,
474 2958 598 3033 multa
631 2961 807 3035 veritates
842 2955 954 3034 facul·

97 3078 214 3135 tatem
256 3053 457 3130 intelletius
503 3057 610 3132 nostri
652 3059 954 3132 transcendentes

33 3230 36 3235 ,
96 3154 178 3232 sunt
202 3153 395 3247 revelata,
422 3130 511 3256 qdas
528 3173 651 3234 tamen
668 3159 819 3259 credere
845 3179 953 3256 opor·

880 3273 952 3345 tet,
