2108 3698
43 156 47 161 '
117 148 204 249 382
280 130 390 251 ‘Cup
428 133 473 221 V.
535 101 797 221 oeconomia
849 176 855 183 ·

113 283 322 360 untiionem
354 281 482 357 &ontis
515 282 552 357 in
584 281 739 358 formam
765 279 884 370 crucis
907 274 948 356 sai

112 380 238 457 uam:
272 381 384 456 verbo
404 383 553 455 demum
568 379 670 484 stgno
697 395 733 454 te
750 379 791 475 s
809 403 949 455 norem·

111 484 183 568 cis,
211 480 257 558 ἐφ’
279 477 444 569 confirmo
471 494 506 553 te
526 474 721 579 chrysmate
730 477 782 573 stt
794 480 871 553 uris
885 477 972 553 &cs

112 597 223 677 atque
255 582 327 654 hoc
351 580 626 665 Sacramentum
651 576 758 652 semel
781 577 951 652 collatum

114 676 235 753 iterari
252 676 395 772 nequit,
412 677 721 770 quemadmodum
737 698 807 751 nec
821 676 948 773 Baptis-

83 791 87 796 ·
114 797 208 851 mus.
281 777 334 847 De
359 770 604 866 Eucharissiu,
642 797 721 872 quae
747 777 949 848 Sati-amen·

114 893 194 947 tum
212 871 260 946 est
276 873 452 971 Corporis
475 875 512 948 ἃ
533 874 720 970 Sanguinis
737 873 873 946 Christi
894 871 947 946 sub

113 962 296 1070 speciebus
323 969 412 1044 'anis
428 973 466 1046 δι
485 972 559 1055 vini
578 973 624 1044 ad
642 969 861 1069 spiritualem
881 972 950 1046 ani·

114 1091 181 1142 mae
216 1067 293 1144 rese
333 1072 453 1144 ionem
498 1070 670 1143 divinitus
718 1068 948 1158 institutum,
990 1070 992 1083 '

112 1166 307 1242 ostendunt
325 1167 506 1243 Christum
515 1180 636 1256 uero,
661 1165 863 1260 realiter&
882 1167 950 1241 suo

58 1307 68 1315 ·
112 1261 326 1341 stantiaiiter
349 1263 418 1341 esse
443 1256 650 1362 praesent'em
675 1265 950 1340 ianuchariiiia

112 1414 159 1439 ..
187 1417 196 1439 .
222 1416 234 1437 .
261 1364 342 1438 Post
366 1365 669 1439 consecrationem
697 1387 773 1437 non
800 1365 949 1464 amplius

112 1459 231 1538 adesit
249 1462 471 1537 substantiam
493 1465 591 1561 paruis
613 1464 649 1536 ἀ
670 1460 745 1535 vini
753 1510 767 1551 ‚
801 1462 861 1536 seri
879 1487 948 1538 cor·
990 1483 992 1489 ·

84 1552 180 1660 'pus
205 1558 470 1656 &sanguinem
503 1561 637 1634 Christi
661 1578 745 1634 cum
770 1565 893 1636 onima
916 1563 961 1636 δι’
986 1580 992 1599 ’

82 1740 84 1751 ,
111 1661 300 1733 divinitate
317 1662 376 1733 sub
398 1658 579 1754 speciebus
596 1681 740 1733 tantum
765 1708 776 1732 .
804 1709 815 1733 .
843 1715 852 1734 .
878 1672 949 1735 cor·

112 1780 179 1853 pus
206 1757 243 1828 ot
275 1755 480 1854 sanguinem
513 1754 645 1831 Christi
666 1754 735 1832 esse
761 1759 948 1854 praesenter

17 1887 19 1891 ·
109 1851 252 1940 inilia,
288 1856 553 1952 quamprimum
580 1856 947 1932 verbnconsecratio·

110 1955 166 2026 uis
183 1955 252 2025 rite
268 1950 525 2122 sumptuum,
551 1975 662 2050 atque
685 1956 737 2028 ita
761 1952 946 2032 etiamen·

111 2051 291 2129 mausum
319 2053 352 2149 ip
368 2075 421 2123 rus
451 2075 493 2125 ac
519 2052 804 2128 distributionem
832 2108 842 2128 .
868 2107 878 2129 .
904 2086 951 2137 .·.,

109 2150 171 2225 sub
196 2171 267 2222 una
292 2148 408 2247 specie
432 2153 608 2225 contineri
631 2149 809 2248 &suscipi
832 2173 949 2231 totum

73 2310 76 2321 .
108 2241 332 2323 Eucharistiae
358 2250 642 2347 Sacramentum,
668 2273 738 2323 nec
762 2252 841 2324 dari
868 2274 948 2350 pta·

108 2367 258 2446 ceptum
285 2343 445 2419 divinum
472 2347 559 2420 iilud
585 2346 746 2422 sumendi
769 2347 834 2422 sub
861 2371 949 2424 utra·

110 2471 181 2544 que
208 2466 308 2529 extra
333 2444 441 2519 Missa:
466 2441 674 2520 sacrificium
702 2500 710 2520 .
737 2496 749 2519 .
776 2497 785 2521 .
812 2443 947 2524 Missam
979 2476 984 2489 ·

110 2564 233 2618 autem
260 2566 388 2618 verum
414 2543 630 2643 novaelegis
656 2543 869 2626 sacrificium
884 2545 948 2622 esso

77 2719 80 2726 ,
108 2663 338 2743 propugnant
363 2665 408 2715 ex
429 2642 660 2732 Tridentino,
688 2643 840 2743 aliisque
852 2648 947 2721 Cou³

110 2740 200 2815 ciliis
222 2744 263 2813 ἃ
290 2739 478 2828 Patribus,
511 2733 628 2817 essere
649 2741 763 2817 auum
787 2741 947 2832 Lutriae,

110 2837 289 2938 praecipue
306 2842 351 2910 ud
372 2838 634 2936 agnoscendum
655 2840 861 2937 supremum
881 2841 946 2917 Dei

111 2933 445 3017 dominiumr-tum
476 2959 621 3035 quoque
652 2940 688 3012 in
720 2938 856 3038 sgnum
889 2962 946 3014 no·

110 3035 187 3110 sirae
210 3033 410 3121 servitutis·
431 3037 595 3132 quamvis
634 3035 675 3111 fit
698 3041 811 3113 etiam
834 3033 946 3113 euchr-

111 3137 273 3230 offricus,
296 3136 583 3234 propitiatorius
595 3182 610 3226 ‚
635 3135 673 3211 δι
697 3138 946 3238 imperatorius

380 3283 381 3286 ¹
719 3264 727 3272 ’
794 3238 944 3312 movim
