2108 3698
125 190 220 303 naa
241 171 332 287 Cap.
349 170 422 299 Ill.
453 164 557 258 Dua
573 169 763 258 solcuuuae
777 138 820 258 as
833 166 928 291 bases

122 323 264 396 collatis
295 323 330 393 in
364 319 523 393 medium
551 319 702 418 confiliis
726 320 905 418 populum
926 320 957 396 iu
1000 334 1002 399 5

122 421 204 520 lege
230 419 350 492 divina
376 417 620 505 instruerent,
656 420 958 514 quemadmodum
996 418 1002 479 -’

123 538 224 620 patet
242 542 285 590 ex
309 516 371 590 illo
394 519 461 590 Dei
489 515 614 590 Mosen
639 516 856 615 alloquentis
870 543 958 592 man

14 656 16 665 2
125 622 211 691 dato
231 617 320 710 (c):'
347 613 531 716 Congrega
551 610 641 688 mihi
655 613 893 716 septuaginta
913 618 958 692 vi·
1000 676 1002 681 .

125 741 183 792 ros
204 713 243 788 de
252 710 399 807 senibus
419 712 551 807 lsrael,
576 737 660 815 quos
679 730 720 787 tu
738 717 832 805 uasti
842 765 853 802 ,
880 709 962 818 quod

21 844 27 857 ¹
112 813 211 912 senes
219 811 431 911 populistut
447 838 489 885 ac
502 813 704 914 Magistri:
730 813 776 889 θ’
796 811 900 888 disces
912 836 959 888 eos

121 911 168 985 ad
189 915 313 1000 ostium
345 906 566 987 tabernaculi
586 909 761 1002 fuderis,
783 912 961 1016 faciesque

121 1007 173 1084 ibi
191 1012 291 1101 stare
317 1024 459 1095 tecum,
488 1024 532 1082 ut
560 1006 754 1099 descendam
776 1011 823 1086 ἔν’
841 1012 960 1114 loquar

123 1105 224 1182 tibi:
253 1109 297 1184 ἓν
312 1108 472 1201 auferam
492 1105 531 1181 de
536 1104 683 1206 spiritu
706 1122 786 1191 tuo,
814 1111 960 1185 tradam·

117 1234 184 1311 que
208 1211 285 1291 eis,
314 1222 356 1279 ut
368 1204 566 1299 firsteuteat
586 1221 698 1279 secura
718 1231 804 1280 onus
818 1208 960 1309 populi,

123 1307 169 1385 Sc*
195 1331 263 1378 noa
290 1321 330 1377 tu
345 1303 448 1396 solus·
465 1307 649 1406 graveris.
715 1307 794 1380 Rex
819 1330 961 1407 quoque

119 1406 290 1504 Josaphat
308 1403 485 1501 Solymaea
501 1406 535 1474 in
553 1407 642 1476 urbe
657 1403 804 1478 levitas
815 1454 828 1492 ,
857 1407 961 1482 &So

119 1510 305 1588 ¹cerdotes,
327 1504 362 1574 ilc
383 1503 564 1599 Principes
576 1500 789 1576 familiarum
805 1528 852 1578 ex
865 1506 961 1579 lsrae-

120 1603 222 1678 litico
253 1599 390 1698 populo
422 1599 572 1698 selegit,
606 1604 852 1701 precepitque
876 1605 961 1693 illis,
988 1628 994 1635 ·

120 1723 162 1772 ut
177 1700 350 1789 judicium
376 1699 410 1770 tlt
434 1698 574 1771 causam
594 1701 741 1772 Domini
761 1701 962 1792 judicarent

119 1799 381 1871 habitatoribus
399 1797 475 1878 eius
494 1797 571 1894 (d),
594 1798 832 1894 subjungens:
861 1801 962 1876 Ama

110 1897 185 1993 stas
210 1893 376 1968 Sacerdos
408 1895 454 1971 θ’
485 1893 658 1989 Poritffex
675 1897 795 1985 'uesier
821 1899 863 1972 in
891 1894 961 1987 bis,
1001 1980 1003 1989 ,

5 2044 9 2050 -
119 2023 194 2098 qua
210 1992 256 2067 ad
269 1992 384 2067 Deum
391 1998 599 2094 pertineat,
611 1991 824 2094 prastdebit.
876 1997 963 2072 Illud
1000 2018 1003 2071 i

121 2118 211 2167 vero
240 2094 447 2168 Concilium
470 2093 660 2199 solemnius
688 2113 764 2166 erat
789 2098 888 2193 apud
910 2098 964 2195 Ju·
1001 2100 1003 2113 '

121 2193 237 2280 daeoS,
271 2194 368 2288 qnod
403 2194 547 2264 Hebraei
581 2189 817 2283 Sanhedrim,
844 2193 962 2268 Graeci

95 2304 101 2321 ⁸
122 2285 292 2391 ouridptor
313 2290 553 2385 appellabant.
615 2293 762 2363 Sacrum
787 2294 888 2366 hunc
908 2297 963 2368 Se·

120 2411 246 2465 natum
267 2384 469 2462 conflarunt
496 2385 719 2486 septuaginta
741 2390 815 2463 duo
840 2393 962 2466 Senio·

120 2510 199 2576 τος,
219 2486 411 2560 duodecim
429 2484 610 2577 Principes
626 2486 746 2583 populi
767 2487 963 2565 secundum

120 2607 313 2661 nnmerum
333 2579 545 2655 familiarum
572 2583 630 2658 seu
651 2585 814 2660 tribuum
841 2588 962 2675 lsrael,
1001 2580 1003 2665 ἶ

97 2774 101 2785 Ι
121 2683 401 2784 quatuordecim
421 2681 603 2778 Principes
625 2686 888 2776 sacerdotum,
904 2686 962 2786 qul
1000 2740 1003 2819 Ι

121 2780 276 2858 totidem
303 2773 465 2852 claslibus
492 2801 619 2854 eorum
644 2803 838 2879 praeerant,
865 2800 962 2861 exce·
1001 2828 1004 2895 5

49 2952 52 2959 .
119 2898 185 2979 pto
213 2880 362 2950 Summo
390 2877 566 2951 Pontifice
591 2905 632 2953 ac
650 2882 814 2970 Scribis,
841 2883 960 2980 quile·
1000 2898 1004 2957 ς

120 2999 203 3077 gem
246 2976 604 3071 interpretabantur,
653 3002 746 3077 quos
788 2983 957 3081 Jolephus
1001 3032 1004 3071 ;

4 3138 7 3145 .
68 3122 72 3130 -
119 3091 230 3153 vocat
256 3074 466 3173 Prophetas.
528 3074 662 3151 Praeter
686 3077 870 3156 summum
895 3083 958 3156 hoc
1001 3076 1004 3097 ²

135 3227 137 3231 >
485 3254 488 3259 ,
688 3220 715 3257 κ
779 3192 786 3202 ’
871 3184 965 3274 Con„

162 3288 209 3370 (c)
233 3285 426 3357 Num.'11.-
467 3284 517 3371 (d)
533 3292 570 3354 a.
588 3276 718 3381 paralip.
733 3308 758 3359 r.
777 3311 831 3377 19·
990 3268 1004 3525 J
