2108 3698
208 236 209 241 Ν
246 122 478 260 ‘pollicum
499 132 717 262 politicum.
745 129 768 243 f
833 161 919 248 303
964 183 968 189 =

62 304 120 384 go
142 297 233 358 nata
264 283 487 372 haberetut3
517 301 627 380 atquo
647 284 709 357 -ita
736 281 773 355 in
797 278 920 361 lucem

10 459 13 470 ,
62 382 231 478 prodiit,
258 384 307 463 de¹
330 406 403 480 qua
427 383 522 468 dixi,
550 383 629 471 Pax¹
647 376 920 480 Religiosa‚·cn-
1010 454 1012 459 ,

61 480 125 575 jus
151 480 283 556 tabulis
310 479 467 558 Carolus
500 479 618 556 Caelar
649 482 796 580 quidem
831 505 919 561 ouo·

59 602 208 678 quam,
247 581 494 671 Fetdinandus
521 602 609 655 vero
634 579 815 679 Augustus
841 579 918 656 Fra·

60 695 126 763 tet
147 702 222 755 non
249 672 319 754 stne
351 677 521 774 lacrymis
548 676 753 778 subscripfit.
818 678 916 759 Tum
1028 697 1029 703 1

62 798 157 854 veto
173 775 362 853 tricennali
377 776 474 852 bello
495 779 669 863 Suecico,
695 778 732 853 δι
747 778 917 875 irruptio·

26 882 29 889 '
60 876 171 950 nibus
191 875 346 961 Gallicis
370 874 593 954 calamitates
616 875 820 950 Germania
839 900 915 950 ma-

36 980 39 985 ’
59 975 120 1075 gis
133 977 323 1074 magisque
338 975 555 1074 augentibus
572 974 707 1050 coaluit
717 975 788 1050 Pax
799 975 915 1050 West·

62 1071 229 1171 phalica,
255 1076 304 1146 du
332 1071 391 1148 lici
418 1073 565 1171 quidem
589 1071 672 1148 loco
704 1073 915 1165 (Monado-
964 1100 967 1113 ·
1016 1116 1025 1131 κ

61 1173 106 1245 rii
133 1195 218 1247 cum
243 1099 385 1258 Gallis,
407 1172 634 1271 Osnabrugae
659 1196 742 1245 cum
769 1170 914 1268 Succis)

60 1293 139 1351 uno
172 1285 296 1346 tamen
329 1272 588 1368 communique
622 1269 761 1344 ioedere
788 1293 830 1344 ac
854 1295 915 1368 pa·

60 1365 145 1460 ilo,
177 1370 228 1444 ita
254 1392 297 1444 ut
323 1368 439 1443 Gallis
464 1389 538 1444 tres
563 1369 807 1466 Lotharingiae
833 1371 911 1466 Epi·

56 1466 228 1566 scopatus
254 1470 291 1544 δι
315 1467 484 1543 Alsatiam
508 1470 660 1557 cedere,
689 1467 914 1542 Calvinianis

57 1588 135 1643 uon
161 1570 280 1642 minus
306 1568 356 1642 ac'
374 1567 591 1642 Lutheranis
618 1566 773 1642 liberum
808 1563 909 1640 lena

59 1664 129 1757 suat
155 1666 193 1740 iu
220 1669 377 1764 imperio
401 1668 636 1756 exercitium,
663 1668 828 1764 utrisque
850 1665 911 1740 bo·

58 1786 193 1839 norum
224 1765 385 1840 Ecclefiae
420 1788 630 1865 ereptorum
666 1765 766 1854 usum
815 1764 909 1857 (jus

58 1863 157 1937 enim
186 1862 325 1938 nullum
355 1866 530 1938 accedere
552 1863 691 1962 potuit)
717 1863 910 1962 indulgete
982 1949 985 1957 p

56 1963 277 2059 oportuerit.
336 1965 519 2057 ,Equidem
554 1965 633 2057 paci
667 1963 766 2049 huic
785 1985 908 2056 quam

56 2061 215 2158 primum
239 2056 438 2141 ,intercedit
464 2058 696 2130 Innocentius
717 2061 765 2129 X.
786 2057 909 2130 solem·

57 2158 93 2230 ni
115 2160 212 2233 edita
238 2159 359 2247 Bulla,
387 2180 466 2257 quae
488 2156 616 2252 incipit
650 2151 753 2228 Zelus
770 2151 909 2231 Domus
947 2166 952 2170 ’

58 2251 133 2330 Dei
153 2259 223 2335 dte.
252 2281 371 2354 quave
397 2279 525 2331 omues
556 2254 729 2329 articulos
755 2257 792 2328 in
820 2280 907 2352 prae·⁴

53 2353 229 2450 judicium
257 2358 294 2432 dt
315 2357 532 2455 ,perniciem
565 2357 670 2429 avitae
705 2353 905 2453 Religionis

54 2452 290 2541 Catholicae,
327 2458 464 2552 Jurium
501 2452 685 2538 Ecclefiae,
720 2461 763 2525 ac'
790 2457 907 2528 Bono·

53 2575 135 2643 tum
154 2553 479 2630 Ecclefiailicorum
505 2571 701 2652 vergentes
718 2549 838 2626 nullos
851 2578 905 2626 ac

52 2650 174 2739 irritos
206 2651 435 2740 declaravit;
482 2652 548 2727 led·
566 2655 622 2726 vis
649 2674 692 2724 ac
717 2646 905 2733 noceffitas

52 2767 262 2825 tomorum
298 2750 442 2825 illorum
475 2751 672 2841 pravalnit.
741 2749 904 2829 Domum
1027 2782 1034 2791 ·

52 2853 97 2933 ad
127 2774 232 2949 loges
268 2850 411 2948 imperii
445 2845 735 2927 Fundamentnles
768 2867 809 2921 ut
841 2873 904 2924 vo·

25 2967 158 3037 cant,
188 2950 348 3046 pertinet
371 2945 574 3026 Matricala
599 2950 742 3114 lmperii
768 2947 827 3022 scu
853 2951 903 3023 io·

52 3045 293 3121 strumentum
320 3049 525 3145 publicum,
561 3047 616 3116 cui
655 3045 766 3142 iuguli
792 3047 903 3122 Ordi-

51 3169 114 3222 nes
132 3146 296 3244 ejusdem
327 3149 515 3255 indecem
543 3143 700 3220 circulos
726 3140 902 3251 distributi
1024 3216 1031 3224 .

56 3268 61 3275 ·
288 3273 299 3289 ’
829 3268 909 3323 una
