2108 3698
99 169 184 272 148
217 154 308 271 Cap.
323 153 396 241 ΙΙΙ.
428 126 786 275 Ιὶκαεοίηφηπαέὶιὲ
800 146 904 271 leffe?
962 176 965 181 ·

150 308 229 403 Jam
261 320 340 402 quae
376 322 582 398 quantaque
616 300 873 375 Conciliorum
909 300 945 375 ir

103 403 295 479 attioritas
328 419 438 495 atque
471 398 645 497 potestat,
680 398 941 474 discutiendum

104 504 273 577 occurrit.
325 499 409 573 Hoc
426 522 467 572 ut
486 501 615 572 ordine
638 496 717 583 fiat,
751 499 822 571 tria
840 500 951 595 potin

104 602 228 674 fimum
244 601 281 670 in
299 599 448 695 negotio
470 597 533 670 iiio
551 598 629 669 sane
641 593 849 694 gravissimo
865 596 953 675 sunt·

54 710 56 715 ’
104 697 344 785 observandas
363 698 525 794 quaedam
538 698 707 768 nimirum
721 699 942 770 antecedunt

105 795 333 881 Concilium,
361 798 523 890 quaedam
547 797 788 879 comitantur,
809 792 942 883 alialti

104 912 275 990 quuntur.
332 894 493 967 Primum
528 892 577 966 est
609 892 709 987 quod
737 894 940 979 antecedit,
979 918 982 927 ·

101 1010 144 1064 ut
159 990 366 1064 Concilium
384 989 545 1090 legitime
563 1000 828 1087 congregetutt
858 1011 941 1088 opus

99 1090 211 1187 igitur
237 1091 327 1175 erit,
351 1109 393 1162 ut
415 1116 435 1160 a
454 1093 619 1164 Romano
641 1086 821 1163 Pontifice
843 1090 947 1164 Chri·

63 1252 66 1259 .
101 1190 141 1261 iii
172 1188 272 1262 vices
304 1208 454 1287 gerente
487 1189 666 1262 indicatur
697 1211 741 1261 ac
767 1210 942 1263 convote·

100 1305 183 1375 tur,
219 1287 373 1384 illeque
390 1308 559 1384 tanquam
586 1283 749 1358 Ecclefiae
774 1285 943 1362 univerit

102 1386 226 1484 Caput
251 1386 312 1458 vel
338 1410 401 1482 per
428 1385 483 1471 se,
508 1383 567 1458 vel
594 1408 657 1482 per
683 1383 847 1481 Legatos
872 1386 941 1460 inor
971 1464 977 1470 ,

101 1507 321 1581 quocunque
335 1486 482 1558 demum
502 1485 614 1583 modo
632 1482 847 1580 praefideat:
874 1486 942 1581 Epi·

104 1584 229 1678 scopos
249 1605 395 1680 quoque
421 1586 533 1657 totius
560 1582 671 1656 Orbis
698 1579 941 1672 Catholici‚l
972 1580 974 1585 “

102 1681 311 1759 universale
345 1674 456 1755 fuerit
486 1679 724 1765 Concilium,
759 1681 942 1757 vocari&

14 1860 16 1864 ⁸
101 1798 277 1876 quantum
304 1778 382 1853 fieri
407 1780 544 1878 potest,
578 1779 766 1873 presentes
796 1778 867 1854 eise
890 1801 941 1852 ne·

101 1874 234 1951 cessum
262 1876 338 1962 est,
371 1900 413 1950 ut
437 1878 616 1951 Univerlae
644 1876 802 1950 Etcltstae
826 1876 940 1977 imagi·
979 1948 982 1961 ,

99 2000 184 2048 nem
210 1977 427 2069 exhibeant,
459 1978 517 2052 cui
546 1977 709 2051 Christus
733 1972 941 2050 adfuturum
974 1998 982 2055 i

102 2073 136 2147 se
162 2075 332 2170 promisit.
384 2076 550 2169 Alterum
577 2076 646 2162 est,
672 2076 771 2170 quod
789 2077 942 2171 {comite
979 2058 982 2183 l

103 2193 183 2255 tur,
213 2193 255 2244 ut
289 2175 325 2250 in
359 2175 432 2274 ipio
466 2173 633 2273 Concilio
669 2196 747 2260 res,
790 2197 875 2272 qoae
900 2171 939 2246 ad

102 2268 214 2342 fidem
240 2295 282 2343 ac
308 2295 427 2347 mores
455 2275 659 2368 pertinent,
686 2296 728 2344 ea
752 2272 938 2358 indnllrit,

103 2390 208 2454 cura,
235 2370 270 2442 &
287 2369 367 2444 zelo
384 2373 529 2445 Parrum
549 2390 724 2469 agantur,
751 2395 865 2467 qoem
881 2372 937 2443 nd·

103 2467 219 2541 hiberi
244 2469 360 2541 voluit
393 2466 576 2553 christus,
604 2472 694 2559 epm
719 2470 843 2543 nanto
876 2452 940 2544 Ubi

91 2563 244 2657 fuerint
262 2563 327 2638 duo
341 2564 402 2638 vel
414 2578 487 2637 tres
509 2570 720 2669 congregati
736 2571 779 2640 in
802 2572 938 2642 nomine

101 2689 193 2750 meo,
219 2665 443 2764 illiceg01i11
468 2663 577 2739 medio
609 2691 728 2739 eorum
741 2663 840 2759 firm.
875 2669 937 2740 Un-

98 2765 145 2834 de
169 2766 331 2834 divinnm
361 2761 544 2860 implorari
578 2768 750 2838 auxilium
776 2784 937 2864 oportet,

98 2858 271 2953 fimnlqne
296 2858 385 2931 nihil
411 2870 576 2934 numanae
600 2858 800 2952 iniiullriae,
829 2863 937 2947 studi,

98 2955 231 3052 consilii
247 2958 439 3046 omittere,
466 2963 583 3034 donec
602 2957 758 3034 diicnffis
778 2983 936 3036 errorum

99 3077 144 3125 nc
168 3056 377 3152 ignorantia
403 3060 560 3133 tenebris
587 3060 791 3134 Catholicae
817 3064 935 3136 verltt·

95 3151 143 3226 tis
176 3160 220 3229 itt
252 3153 337 3231 fidei
365 3156 428 3232 lux
460 3154 647 3234 clanffima
677 3158 712 3235 se
736 3159 771 3236 se
802 3160 934 3262 prodat.
965 3222 969 3227 .

669 3262 937 3365 asom

735 3460 744 3492 x
836 3444 839 3459 ,
