2108 3698
157 175 265 270 140*
369 153 608 268 ⁸·.Cap.V.
667 152 748 268 Jus
867 194 870 201 ·

154 308 270 383 nitate
295 325 369 376 non
393 325 531 401 pancos
562 300 722 402 reperire
746 299 825 390 eii,²
857 297 921 397 qui
946 295 1009 375 vel
1043 318 1047 329 ·

155 428 230 482 non
256 401 388 490 sciunt,
408 401 473 475 nifi
491 401 727 489 instruantur,
754 400 815 475 vel
840 423 917 475 non
941 421 1009 475 vo·

122 502 236 575 'lunt
272 499 330 572 nili
363 520 572 598 cogantur,
614 502 707 574 bene
740 523 783 572 ac
816 499 861 570 ad
897 494 1009 572 finem
1044 582 1049 587 ,

157 599 412 675 communitati
447 598 630 696 prefixum
660 596 821 673 auiones
845 596 924 672 luas
951 618 1007 671 or·
1046 654 1049 659 .

156 699 292 773 dirrare.
345 698 564 792 Principium
603 698 677 771 hoc
720 696 771 772 est
806 697 844 770 dr
885 693 1011 770 funda·

88 886 91 890 ,
156 815 345 883 mentum,
380 818 501 893 equo
527 795 601 893 ipso
628 795 665 870 dc
692 793 766 870 solo
791 793 1009 892 potestatem

156 890 299 969 ferendi
350 893 449 991 leges
498 917 542 967 ac
582 893 807 991 gubernandi
853 893 1040 995 probant.

157 1015 226 1090 pro
248 992 397 1071 civitate
426 1015 469 1065 ac
492 992 676 1089 republica
704 989 858 1088 profana
882 1012 1011 1071 ornnes

155 1092 381 1200 jurisperiti,
416 1092 453 1164 dc
479 1091 541 1191 qui
567 1092 644 1165 hoc·
660 1110 793 1189 negat,
825 1087 931 1165 tedia
957 1113 1012 1163 ra·

97 1252 100 1257 .
141 1191 251 1265 ‘tioni
293 1188 426 1262 bellurn
472 1189 609 1263 indicit.
678 1187 824 1286 ltaque
860 1187 1014 1265 nocella·

143 1290 254 1363 “rium
280 1287 329 1360 est
343 1335 356 1375 ‚
401 1306 442 1360 ut
467 1287 504 1359 in
535 1285 690 1362 Ecclesia
715 1306 888 1385 tanquam
914 1308 1013 1363 com·

158 1388 338 1465 munitate
379 1383 538 1483 perfetia
584 1384 622 1460 &
657 1403 812 1487 corpore
851 1386 1014 1485 quodam

158 1481 286 1561 morali
320 1485 438 1558 detur.
460 1481 616 1580 potestas
650 1484 794 1563 ferendi
826 1483 928 1583 leges
971 1506 1044 1563 ac.

156 1584 383 1683 gubernandi
405 1579 587 1670 subditos,
613 1607 680 1683 per
701 1578 808 1681 quarn
833 1586 879 1660 ad
901 1580 1036 1659 finem·

156 1682 261 1757 illum
280 1677 601 1778 -fitpernaturalem
638 1684 751 1783 ignari
790 1682 1014 1779 dirigantur,

156 1779 280 1881 ignavi
324 1778 627 1874 compellantur,
664 1777 869 1854 ¹refrard'tarii
913 1802 1015 1855 coer·

157 1894 321 1952 ceantur.
368 1882 458 1953 .Aut
483 1876 662 1976 foreplus
678 1877 833 1952 interest
862 1875 1031 1975 efficacis

158 1993 218 2051 tet
252 1977 431 2057 obtinere,
448 1975 567 2053 finem·
590 1976 725 2051 mile-rae
758 1977 868 2070 hujus
896 1974 1013 2053 lluxoe-

157 2097 230 2173 que
254 2076 362 2163 vitae,
397 2099 507 2172 quarn
534 2071 682 2152 alterius
709 2079 813 2151 omni
840 2092 1043 2175 exparte.

157 2174 292 2261 beata,
317 2184 562 2250 adarternntn
584 2176 786 2256 duraturae?
812 2176 902 2248 Haec
927 2174 1038 2249 con·'

157 2269 294 2345 secutio
321 2270 428 2370 plane
457 2273 491 2348 le
519 2275 620 2357 itima
644 2275 720 2361 est,
755 2275 793 2349 dc
818 2274 864 2347 nd
886 2295 1015 2349 ornnes

109 2366 113 2373 ’
158 2366 236 2460 sani
259 2368 384 2463 ludicii
411 2298 558 2470 regniac·
579 2368 715 2451 exalia.
792 2373 891 2448 Num
919 2371 1016 2449 forte

158 2466 457 2566 respondebunt,
500 2466 580 2539 satis
607 2466 797 2566 superque
833 2468 877 2538 ad
918 2469 1016 2545 hunc

159 2564 271 2641 finem
287 2563 597 2666 strparnaturalem
629 2563 699 2641 esse
734 2566 856 2662 legem
881 2562 1015 2649 Chrilll

29 2705 31 2710 ·
75 2710 78 2719 ·
158 2665 197 2738 in
223 2664 423 2762 Evangelio
460 2681 705 2752 contentam,
744 2667 794 2735 ita
825 2677 867 2732 ut
892 2661 1014 2749 buma-

78 2802 83 2817 =
159 2786 245 2844 nam
273 2764 317 2836 dt·
345 2756 621 2837 Eccleliallicanr
652 2758 841 2856 llrperaddi
874 2760 1014 2837 necelle

158 2861 273 2935 haud·
297 2857 349 2935 fit.
413 2856 483 2929 Sed
516 2860 576 2954 qui
604 2858 918 2954 italoquuntur,
956 2884 1010 2943 ea·
1050 2880 1052 2915 =

158 2974 299 3043 veant,
325 2976 373 3047 ne
401 2955 478 3051 pari
505 2959 647 3031 ratione
669 2976 789 3037 totum
821 2959 884 3057 Jus
908 2958 1013 3047 ciuile¹

158 3076 204 3135 ac
226 3051 416 3147 politicum
441 3053 680 3151 peliomdent.
732 3057 848 3132 Etiam
873 3056 937 3153 Jus
956 3052 1025 3130 nai

156 3149 273 3233 rurale
308 3150 355 3235 ad
372 3174 469 3247 ,eum
498 3152 641 3248 finem,
673 3178 783 3257 quem
812 3154 1013 3329 miubfli‘

746 3312 748 3317 .
899 3276 948 3357 po
975 3272 1039 3329 tt·.·
