2108 3698
100 164 348 277 theologiae,
378 164 586 251 oirsloritnt
622 162 674 257 ld
702 166 812 249 ratio.
848 184 927 276 153

84 311 153 409 iarn
185 333 328 391 errante
363 312 532 390 Concilio
559 312 714 409 populus
739 313 774 383 in
801 314 932 386 eodem

84 435 207 485 errore
238 412 460 487 versabiturr
499 410 522 481 fi
557 433 759 504 repugnare
796 410 929 505 potest,

84 513 230 583 ubinam
247 509 334 581 illud
353 509 421 582 esi:
449 511 511 610 qui
529 533 592 581 vos
607 507 709 587 audit
720 559 730 596 ,
748 507 930 595 tremosii,

82 608 131 687 tf
144 611 210 708 qm·
225 633 287 683 vos
293 605 440 708 spernit
450 658 461 692 ‚
492 632 544 680 rrre
551 605 697 706 spernit
703 634 718 696 ;
738 610 802 707 qui
817 623 933 679 autem
988 604 997 615 '

78 730 135 799 ‚tre
141 703 310 807 spernit,
328 704 475 805 spernit
494 730 569 778 eum
578 757 588 791 ,
604 710 667 813 qui
681 709 777 806 misit
792 731 844 779 me
860 706 932 801 (a).

79 804 217 903 ,Neque
252 829 344 901 opus
370 806 419 877 est
446 804 678 877 Ecclesrarurn
703 807 934 902 subsequente

77 902 559 1000 consensovelaocrptionc,
580 922 621 973 ut
639 902 847 975 Concilium
859 906 933 975 virn

77 1006 203 1091 suam,
240 1003 277 1075 dr
303 1000 554 1075 austeritatem
582 1001 782 1096 supremam
818 1001 936 1073 sortia·
1028 1056 1045 1063 -

83 1120 156 1177 tur.
210 1104 292 1176 Nec
316 1101 412 1173 enirn
440 1098 489 1173 illi
515 1124 557 1171 ac
583 1100 738 1175 decretis
763 1098 855 1171 illius
882 1123 936 1173 ro·

76 1200 155 1279 ‚bur
189 1200 228 1274 &
264 1200 381 1287 vires,
425 1198 664 1299 veritatisque
707 1196 936 1297 privilegium

85 1298 232 1377 confert
255 1298 533 1395 Episcopornm,
571 1299 636 1394 qui
671 1295 839 1369 Concilio
864 1320 937 1369 non

85 1395 352 1482 interfuerunt,
378 1416 441 1467 aut
457 1395 693 1472 Ecclefiarum
714 1392 940 1492 fingularionr

80 1494 293 1583 consensio,
340 1492 397 1570 sed
434 1490 665 1567 certissimum
697 1492 829 1566 Christi
862 1516 942 1587 pro⁴¹

76 1592 254 1681 missurn,
287 1616 360 1689 quo
393 1591 554 1671 Ecclefiae
580 1590 791 1678 universali,
827 1586 942 1687 qualis

88 1690 170 1781 eth
190 1692 212 1765 st
232 1693 271 1765 in-
288 1691 457 1769 Concilio
477 1690 516 1763 srt
536 1712 775 1790 congregata,
804 1690 943 1787 semper

87 1790 302 1867 adfuturum
342 1792 376 1864 se
418 1791 622 1890 spopondit.
708 1793 945 1888 Quapropter

87 1889 330 1969 anathematis
356 1914 466 1985 poena
492 1888 640 1963 'cnutum
667 1887 740 1974 est,
775 1907 821 1960 ut.
849 1890 947 1962 Cun-

83 1987 165 2067 -cilii
202 1988 393 2063 Generalis
430 1989 598 2070 decreta,
637 2008 710 2056 non
759 1984 948 2081 expediata

81 2089 315 2187 privatarum
332 2081 565 2157 Ecclefiarum
579 2079 834 2172 l'astorurnque
851 2102 948 2163 com·

117 2184 341 2264 robatione,
373 2179 492 2252 statim
527 2202 570 2251 ae
603 2176 666 2250 illa
700 2178 834 2274 publici
863 2180 947 2257 iuris

90 2210 209 2369 sista,
250 2280 393 2387 riteque
427 2279 573 2376 cognita
610 2276 767 2365 fuerint,
804 2274 949 2351 effertur

84 2384 245 2465 dentur:
271 2377 512 2475 quinetiam,
541 2377 601 2450 ubi
620 2378 770 2448 dubium
794 2401 867 2449 non
886 2374 948 2461 est,

85 2479 304 2563 :Concilium
332 2477 476 2571 aliquod
495 2475 564 2550 esse
582 2475 785 2573 legitimum
806 2498 848 2546 ac
871 2475 949 2549 Oe.

94 2579 328 2659 eumericum
357 2574 488 2667 (secus
524 2573 799 2669 exspedlandurn
834 2570 949 2656 soret,

95 2680 216 2753 donee
241 2674 283 2752 lis
300 2676 377 2747 haec
404 2675 447 2747 ob
465 2674 615 2751 Ecclclia
642 2670 950 2771 componeretur)

95 2777 429 2859 inHaeretr'corum
462 2796 504 2843 ac
540 2773 862 2849 schismaticorum
889 2793 951 2843 nu·

94 2894 244 2957 merum·
266 2870 463 2948 reserendae
490 2871 593 2958 sunt,
629 2891 814 2967 quotquot
840 2870 951 2966 singu·

95 2972 191 3053 lares
208 2969 370 3050 Ecclesrae
396 2967 477 3041 srdei
497 2969 651 3041 decretis
675 2970 720 3040 ab
744 2967 952 3059 hujusmodi
991 2994 992 2997 ¹

92 3068 270 3149 Concilio
288 3067 541 3147 oecumenico
559 3066 697 3143 statutis
722 3090 795 3145 non
811 3068 952 3161 acquie-

832 3163 952 3254 scunt,

138 3261 365 3351 mmm
576 3259 712 3365 KQ
