<?xml version="1.0" encoding="UTF-8"?>
<!DOCTYPE html PUBLIC "-//W3C//DTD XHTML 1.0 Transitional//EN"
    "http://www.w3.org/TR/xhtml1/DTD/xhtml1-transitional.dtd">
<html xmlns="http://www.w3.org/1999/xhtml" xml:lang="en" lang="en">
 <head>
  <title>
</title>
<meta http-equiv="Content-Type" content="text/html;charset=utf-8" />
  <meta name='ocr-system' content='tesseract 3.04.00' />
  <meta name='ocr-capabilities' content='ocr_page ocr_carea ocr_par ocr_line ocrx_word'/>
</head>
<body>
  <div class='ocr_page' id='page_1' title='image "./bibliothecadome03manngoog_0526.png"; bbox 0 0 2108 3698; ppageno 0'>
   <div class='ocr_carea' id='block_1_1' title="bbox 99 110 949 255">
    <p class='ocr_par' dir='ltr' id='par_1_1' title="bbox 99 110 949 255">
     <span class='ocr_line' id='line_1_1' title="bbox 99 110 949 255; baseline 0.008 -43"><span class='ocrx_word' id='word_1_1' title='bbox 99 244 102 249; x_wconf 15' lang='grc' dir='ltr'>Ι</span> <span class='ocrx_word' id='word_1_2' title='bbox 142 186 146 191; x_wconf 88' lang='lat'><em>-</em></span> <span class='ocrx_word' id='word_1_3' title='bbox 207 206 208 211; x_wconf 14' lang='lat' dir='ltr'>t</span> <span class='ocrx_word' id='word_1_4' title='bbox 258 132 309 224; x_wconf 57' lang='grc' dir='ltr'>ἔθ’</span> <span class='ocrx_word' id='word_1_5' title='bbox 339 125 563 255; x_wconf 74' lang='lat' dir='ltr'>Progreffrrr</span> <span class='ocrx_word' id='word_1_6' title='bbox 595 110 820 243; x_wconf 75' lang='lat' dir='ltr'>llrcologiae.</span> <span class='ocrx_word' id='word_1_7' title='bbox 891 160 949 248; x_wconf 76' lang='lat'>79</span> 
     </span>
    </p>
   </div>
   <div class='ocr_carea' id='block_1_2' title="bbox 67 275 1053 3341">
    <p class='ocr_par' dir='ltr' id='par_1_2' title="bbox 98 275 1012 477">
     <span class='ocr_line' id='line_1_2' title="bbox 98 275 1012 381; baseline 0.004 -28"><span class='ocrx_word' id='word_1_8' title='bbox 98 279 167 381; x_wconf 87' lang='lat' dir='ltr'>pit.</span> <span class='ocrx_word' id='word_1_9' title='bbox 206 278 279 352; x_wconf 90' lang='lat' dir='ltr'>Hic</span> <span class='ocrx_word' id='word_1_10' title='bbox 298 279 395 353; x_wconf 89' lang='lat' dir='ltr'>enim</span> <span class='ocrx_word' id='word_1_11' title='bbox 414 275 765 378; x_wconf 82' lang='lat' dir='ltr'>aeternaeSapientiae</span> <span class='ocrx_word' id='word_1_12' title='bbox 784 278 949 357; x_wconf 83' lang='lat' dir='ltr'>Filius&amp;</span> <span class='ocrx_word' id='word_1_13' title='bbox 1008 374 1012 381; x_wconf 25' lang='grc' dir='ltr'>Ι</span> 
     </span>
     <span class='ocr_line' id='line_1_3' title="bbox 98 375 949 477; baseline 0.002 -24"><span class='ocrx_word' id='word_1_14' title='bbox 98 375 267 453; x_wconf 83' lang='lat' dir='ltr'>veritatis</span> <span class='ocrx_word' id='word_1_15' title='bbox 280 375 449 477; x_wconf 82' lang='lat' dir='ltr'>Magister</span> <span class='ocrx_word' id='word_1_16' title='bbox 465 379 511 451; x_wconf 86' lang='lat' dir='ltr'>de</span> <span class='ocrx_word' id='word_1_17' title='bbox 528 375 623 452; x_wconf 89' lang='lat' dir='ltr'>coelo</span> <span class='ocrx_word' id='word_1_18' title='bbox 644 378 820 477; x_wconf 72' lang='lat' dir='ltr'>delapsus,</span> <span class='ocrx_word' id='word_1_19' title='bbox 834 398 949 474; x_wconf 86' lang='lat' dir='ltr'>quum</span> 
     </span>
    </p>

    <p class='ocr_par' dir='ltr' id='par_1_3' title="bbox 67 476 1053 3341">
     <span class='ocr_line' id='line_1_4' title="bbox 67 476 949 576; baseline 0.003 -25"><span class='ocrx_word' id='word_1_20' title='bbox 67 509 70 513; x_wconf 48' lang='lat'><strong>⁴</strong></span> <span class='ocrx_word' id='word_1_21' title='bbox 100 501 166 563; x_wconf 81' lang='lat' dir='ltr'>ea,</span> <span class='ocrx_word' id='word_1_22' title='bbox 194 499 274 574; x_wconf 80' lang='lat' dir='ltr'>quae</span> <span class='ocrx_word' id='word_1_23' title='bbox 298 476 468 574; x_wconf 89' lang='lat' dir='ltr'>Antiquis</span> <span class='ocrx_word' id='word_1_24' title='bbox 497 477 659 550; x_wconf 80' lang='lat' dir='ltr'>l‘atrlbu&#39;s</span> <span class='ocrx_word' id='word_1_25' title='bbox 678 477 714 556; x_wconf 74' lang='grc' dir='ltr'><strong>ἃ</strong></span> <span class='ocrx_word' id='word_1_26' title='bbox 734 479 868 576; x_wconf 84' lang='lat' dir='ltr'>Judaeis</span> <span class='ocrx_word' id='word_1_27' title='bbox 887 481 949 554; x_wconf 88' lang='lat' dir='ltr'>ob·</span> 
     </span>
     <span class='ocr_line' id='line_1_5' title="bbox 99 572 948 674; baseline 0.005 -23"><span class='ocrx_word' id='word_1_28' title='bbox 99 574 204 651; x_wconf 89' lang='lat' dir='ltr'>scure</span> <span class='ocrx_word' id='word_1_29' title='bbox 233 572 381 649; x_wconf 87' lang='lat' dir='ltr'>suerunt</span> <span class='ocrx_word' id='word_1_30' title='bbox 413 576 565 652; x_wconf 80' lang='lat' dir='ltr'>tradita,</span> <span class='ocrx_word' id='word_1_31' title='bbox 596 576 633 648; x_wconf 93' lang='lat' dir='ltr'>in</span> <span class='ocrx_word' id='word_1_32' title='bbox 663 574 781 653; x_wconf 88' lang='lat' dir='ltr'>lucem</span> <span class='ocrx_word' id='word_1_33' title='bbox 809 599 948 674; x_wconf 71' lang='lat' dir='ltr'>proma,-</span> 
     </span>
     <span class='ocr_line' id='line_1_6' title="bbox 98 673 949 773; baseline 0.005 -25"><span class='ocrx_word' id='word_1_34' title='bbox 98 674 229 760; x_wconf 82' lang='lat' dir='ltr'>heret,</span> <span class='ocrx_word' id='word_1_35' title='bbox 253 674 290 749; x_wconf 77' lang='grc' dir='ltr'>δι</span> <span class='ocrx_word' id='word_1_36' title='bbox 304 673 503 770; x_wconf 81' lang='lat' dir='ltr'>Prophetas</span> <span class='ocrx_word' id='word_1_37' title='bbox 515 675 771 773; x_wconf 86' lang='lat' dir='ltr'>interpretatus</span> <span class='ocrx_word' id='word_1_38' title='bbox 790 676 850 750; x_wconf 89' lang='lat' dir='ltr'>sub</span> <span class='ocrx_word' id='word_1_39' title='bbox 866 703 949 752; x_wconf 89' lang='lat' dir='ltr'>ver·</span> 
     </span>
     <span class='ocr_line' id='line_1_7' title="bbox 96 770 950 872; baseline 0.006 -24"><span class='ocrx_word' id='word_1_40' title='bbox 96 774 230 855; x_wconf 83' lang='lat' dir='ltr'>borum</span> <span class='ocrx_word' id='word_1_41' title='bbox 251 797 293 847; x_wconf 84' lang='lat' dir='ltr'>ac</span> <span class='ocrx_word' id='word_1_42' title='bbox 311 770 561 872; x_wconf 88' lang='lat' dir='ltr'>mysteriorum</span> <span class='ocrx_word' id='word_1_43' title='bbox 582 772 780 867; x_wconf 84' lang='lat' dir='ltr'>involucris</span> <span class='ocrx_word' id='word_1_44' title='bbox 799 774 950 853; x_wconf 80' lang='lat' dir='ltr'>latentia</span> 
     </span>
     <span class='ocr_line' id='line_1_8' title="bbox 98 869 1053 972; baseline 0.006 -26"><span class='ocrx_word' id='word_1_45' title='bbox 98 869 230 972; x_wconf 83' lang='lat' dir='ltr'>reipsa</span> <span class='ocrx_word' id='word_1_46' title='bbox 276 869 369 945; x_wconf 85' lang='lat' dir='ltr'>alam</span> <span class='ocrx_word' id='word_1_47' title='bbox 387 872 593 955; x_wconf 85' lang='lat' dir='ltr'>exhiberet,</span> <span class='ocrx_word' id='word_1_48' title='bbox 619 895 715 947; x_wconf 86' lang='lat' dir='ltr'>nova</span> <span class='ocrx_word' id='word_1_49' title='bbox 728 875 848 972; x_wconf 83' lang='lat' dir='ltr'>priscis</span> <span class='ocrx_word' id='word_1_50' title='bbox 864 878 948 951; x_wconf 62' lang='lat' dir='ltr'>abo»</span> <span class='ocrx_word' id='word_1_51' title='bbox 1050 944 1053 951; x_wconf 92' lang='lat'>.</span> 
     </span>
     <span class='ocr_line' id='line_1_9' title="bbox 97 896 947 1077; baseline 0.011 -32"><span class='ocrx_word' id='word_1_52' title='bbox 97 970 173 1057; x_wconf 87' lang='lat' dir='ltr'>litis</span> <span class='ocrx_word' id='word_1_53' title='bbox 209 896 359 1043; x_wconf 77' lang='lat' dir='ltr'>inliruit</span> <span class='ocrx_word' id='word_1_54' title='bbox 396 972 657 1058; x_wconf 79' lang='lat' dir='ltr'>Sacramenta,</span> <span class='ocrx_word' id='word_1_55' title='bbox 703 975 947 1077; x_wconf 81' lang='lat' dir='ltr'>mandataque</span> 
     </span>
     <span class='ocr_line' id='line_1_10' title="bbox 97 1064 947 1167; baseline 0.006 -22"><span class='ocrx_word' id='word_1_56' title='bbox 97 1064 294 1159; x_wconf 70' lang='lat' dir='ltr'>renovavit</span> <span class='ocrx_word' id='word_1_57' title='bbox 328 1064 474 1163; x_wconf 73' lang='lat' dir='ltr'>adjeslis</span> <span class='ocrx_word' id='word_1_58' title='bbox 507 1093 653 1167; x_wconf 88' lang='lat' dir='ltr'>quoque</span> <span class='ocrx_word' id='word_1_59' title='bbox 689 1070 864 1162; x_wconf 76' lang='lat' dir='ltr'>consiliis,</span> <span class='ocrx_word' id='word_1_60' title='bbox 897 1095 947 1150; x_wconf 81' lang='lat' dir='ltr'>at·</span> 
     </span>
     <span class='ocr_line' id='line_1_11' title="bbox 96 1163 946 1269; baseline 0.009 -26"><span class='ocrx_word' id='word_1_61' title='bbox 96 1192 171 1269; x_wconf 77' lang='lat' dir='ltr'>qne</span> <span class='ocrx_word' id='word_1_62' title='bbox 185 1170 235 1241; x_wconf 85' lang='lat' dir='ltr'>ira</span> <span class='ocrx_word' id='word_1_63' title='bbox 254 1163 489 1266; x_wconf 81' lang='lat' dir='ltr'>pleniffimam</span> <span class='ocrx_word' id='word_1_64' title='bbox 512 1167 614 1241; x_wconf 82' lang='lat' dir='ltr'>sacrae</span> <span class='ocrx_word' id='word_1_65' title='bbox 634 1165 803 1243; x_wconf 73' lang='lat' dir='ltr'>dodlrinae</span> <span class='ocrx_word' id='word_1_66' title='bbox 824 1171 946 1251; x_wconf 90' lang='lat' dir='ltr'>lucem</span> 
     </span>
     <span class='ocr_line' id='line_1_12' title="bbox 97 1265 948 1364; baseline 0.007 -25"><span class='ocrx_word' id='word_1_67' title='bbox 97 1268 137 1343; x_wconf 84' lang='lat' dir='ltr'>in</span> <span class='ocrx_word' id='word_1_68' title='bbox 168 1271 346 1340; x_wconf 88' lang='lat' dir='ltr'>mondum</span> <span class='ocrx_word' id='word_1_69' title='bbox 377 1265 526 1356; x_wconf 88' lang='lat' dir='ltr'>intulit,</span> <span class='ocrx_word' id='word_1_70' title='bbox 561 1289 640 1364; x_wconf 83' lang='lat' dir='ltr'>quae</span> <span class='ocrx_word' id='word_1_71' title='bbox 677 1291 751 1341; x_wconf 91' lang='lat' dir='ltr'>non</span> <span class='ocrx_word' id='word_1_72' title='bbox 784 1268 894 1345; x_wconf 88' lang='lat' dir='ltr'>solnm</span> <span class='ocrx_word' id='word_1_73' title='bbox 925 1297 948 1349; x_wconf 80' lang='lat' dir='ltr'>a</span> 
     </span>
     <span class='ocr_line' id='line_1_13' title="bbox 97 1365 949 1470; baseline 0.001 -31"><span class='ocrx_word' id='word_1_74' title='bbox 97 1366 240 1461; x_wconf 79' lang='lat' dir='ltr'>Judaea,</span> <span class='ocrx_word' id='word_1_75' title='bbox 276 1388 405 1441; x_wconf 85' lang='lat' dir='ltr'>verum</span> <span class='ocrx_word' id='word_1_76' title='bbox 438 1368 547 1440; x_wconf 83' lang='lat' dir='ltr'>etiam</span> <span class='ocrx_word' id='word_1_77' title='bbox 581 1392 601 1440; x_wconf 86' lang='lat' dir='ltr'><strong>a</strong></span> <span class='ocrx_word' id='word_1_78' title='bbox 638 1365 845 1447; x_wconf 79' lang='lat' dir='ltr'>Gentilibus</span> <span class='ocrx_word' id='word_1_79' title='bbox 880 1393 949 1470; x_wconf 82' lang='lat' dir='ltr'>per</span> 
     </span>
     <span class='ocr_line' id='line_1_14' title="bbox 99 1464 948 1545; baseline 0.008 -6"><span class='ocrx_word' id='word_1_80' title='bbox 99 1464 303 1539; x_wconf 84' lang='lat' dir='ltr'>universum</span> <span class='ocrx_word' id='word_1_81' title='bbox 339 1483 516 1538; x_wconf 87' lang='lat' dir='ltr'>terrarum</span> <span class='ocrx_word' id='word_1_82' title='bbox 549 1466 677 1540; x_wconf 81' lang='lat' dir='ltr'>orbem</span> <span class='ocrx_word' id='word_1_83' title='bbox 704 1491 871 1540; x_wconf 90' lang='lat' dir='ltr'>errorum</span> <span class='ocrx_word' id='word_1_84' title='bbox 897 1490 948 1545; x_wconf 82' lang='lat' dir='ltr'>te·¹</span> 
     </span>
     <span class='ocr_line' id='line_1_15' title="bbox 97 1563 949 1666; baseline 0.005 -27"><span class='ocrx_word' id='word_1_85' title='bbox 97 1565 228 1639; x_wconf 81' lang='lat' dir='ltr'>nebras</span> <span class='ocrx_word' id='word_1_86' title='bbox 246 1563 477 1663; x_wconf 82' lang='lat' dir='ltr'>dispelleret,</span> <span class='ocrx_word' id='word_1_87' title='bbox 503 1589 545 1639; x_wconf 81' lang='lat' dir='ltr'>ac</span> <span class='ocrx_word' id='word_1_88' title='bbox 560 1563 824 1666; x_wconf 84' lang='lat' dir='ltr'>Theologicam</span> <span class='ocrx_word' id='word_1_89' title='bbox 842 1565 949 1643; x_wconf 91' lang='lat' dir='ltr'>scien·</span> 
     </span>
     <span class='ocr_line' id='line_1_16' title="bbox 95 1663 949 1763; baseline 0.007 -26"><span class='ocrx_word' id='word_1_90' title='bbox 95 1663 187 1737; x_wconf 80' lang='lat' dir='ltr'>tiam</span> <span class='ocrx_word' id='word_1_91' title='bbox 227 1664 271 1734; x_wconf 87' lang='lat' dir='ltr'>ad</span> <span class='ocrx_word' id='word_1_92' title='bbox 304 1663 481 1743; x_wconf 84' lang='lat' dir='ltr'>sommum</span> <span class='ocrx_word' id='word_1_93' title='bbox 517 1663 713 1763; x_wconf 81' lang='lat' dir='ltr'>splendoris</span> <span class='ocrx_word' id='word_1_94' title='bbox 759 1688 803 1741; x_wconf 88' lang='lat' dir='ltr'>ac</span> <span class='ocrx_word' id='word_1_95' title='bbox 836 1665 949 1758; x_wconf 78' lang='lat' dir='ltr'>maie·</span> 
     </span>
     <span class='ocr_line' id='line_1_17' title="bbox 95 1760 949 1865; baseline 0.005 -29"><span class='ocrx_word' id='word_1_96' title='bbox 95 1760 197 1836; x_wconf 79' lang='lat' dir='ltr'>statis</span> <span class='ocrx_word' id='word_1_97' title='bbox 221 1763 359 1860; x_wconf 88' lang='lat' dir='ltr'>apicem</span> <span class='ocrx_word' id='word_1_98' title='bbox 385 1765 572 1840; x_wconf 88' lang='lat' dir='ltr'>eveheret.</span> <span class='ocrx_word' id='word_1_99' title='bbox 648 1764 684 1838; x_wconf 92' lang='lat' dir='ltr'>Si</span> <span class='ocrx_word' id='word_1_100' title='bbox 710 1767 808 1839; x_wconf 90' lang='lat' dir='ltr'>enim</span> <span class='ocrx_word' id='word_1_101' title='bbox 834 1765 949 1865; x_wconf 77' lang='lat' dir='ltr'>smgu·</span> 
     </span>
     <span class='ocr_line' id='line_1_18' title="bbox 96 1858 948 1963; baseline 0.006 -29"><span class='ocrx_word' id='word_1_102' title='bbox 96 1858 154 1935; x_wconf 82' lang='lat' dir='ltr'>las</span> <span class='ocrx_word' id='word_1_103' title='bbox 181 1860 411 1963; x_wconf 84' lang='lat' dir='ltr'>Theologicae</span> <span class='ocrx_word' id='word_1_104' title='bbox 436 1861 634 1950; x_wconf 72' lang='lat' dir='ltr'>doctrinae,</span> <span class='ocrx_word' id='word_1_105' title='bbox 673 1882 715 1935; x_wconf 90' lang='lat' dir='ltr'>ut</span> <span class='ocrx_word' id='word_1_106' title='bbox 740 1865 852 1938; x_wconf 92' lang='lat' dir='ltr'>modo</span> <span class='ocrx_word' id='word_1_107' title='bbox 878 1876 948 1940; x_wconf 57' lang='lat' dir='ltr'>tra*</span> 
     </span>
     <span class='ocr_line' id='line_1_19' title="bbox 94 1959 949 2061; baseline 0.002 -26"><span class='ocrx_word' id='word_1_108' title='bbox 94 1959 209 2049; x_wconf 85' lang='lat' dir='ltr'>ditur,</span> <span class='ocrx_word' id='word_1_109' title='bbox 236 1959 357 2047; x_wconf 85' lang='lat' dir='ltr'>classes</span> <span class='ocrx_word' id='word_1_110' title='bbox 382 1959 589 2044; x_wconf 81' lang='lat' dir='ltr'>lustremus,</span> <span class='ocrx_word' id='word_1_111' title='bbox 616 1962 662 2032; x_wconf 87' lang='lat' dir='ltr'>de</span> <span class='ocrx_word' id='word_1_112' title='bbox 686 1963 769 2033; x_wconf 89' lang='lat' dir='ltr'>Deo</span> <span class='ocrx_word' id='word_1_113' title='bbox 795 1963 949 2061; x_wconf 79' lang='lat' dir='ltr'>eiusque</span> 
     </span>
     <span class='ocr_line' id='line_1_20' title="bbox 94 2055 963 2158; baseline -0.003 -24"><span class='ocrx_word' id='word_1_114' title='bbox 94 2055 380 2158; x_wconf 64' lang='lat' dir='ltr'>persedion&#39;ibus</span> <span class='ocrx_word' id='word_1_115' title='bbox 412 2078 521 2129; x_wconf 82' lang='lat' dir='ltr'>nemo</span> <span class='ocrx_word' id='word_1_116' title='bbox 554 2055 685 2128; x_wconf 86' lang='lat' dir='ltr'>clarius</span> <span class='ocrx_word' id='word_1_117' title='bbox 717 2080 759 2129; x_wconf 83' lang='lat' dir='ltr'>ac</span> <span class='ocrx_word' id='word_1_118' title='bbox 785 2058 963 2153; x_wconf 49' lang='lat' dir='ltr'>magnis-,-</span> 
     </span>
     <span class='ocr_line' id='line_1_21' title="bbox 97 2148 948 2250; baseline 0.001 -18"><span class='ocrx_word' id='word_1_119' title='bbox 97 2158 241 2231; x_wconf 83' lang='lat' dir='ltr'>centius</span> <span class='ocrx_word' id='word_1_120' title='bbox 267 2148 710 2250; x_wconf 11' lang='lat' dir='ltr'>testimoniumqpraebuit,</span> <span class='ocrx_word' id='word_1_121' title='bbox 747 2152 785 2225; x_wconf 83' lang='lat' dir='ltr'>dr</span> <span class='ocrx_word' id='word_1_122' title='bbox 810 2160 948 2233; x_wconf 86' lang='lat' dir='ltr'>trinum</span> 
     </span>
     <span class='ocr_line' id='line_1_22' title="bbox 96 2251 948 2354; baseline -0.007 -21"><span class='ocrx_word' id='word_1_123' title='bbox 96 2252 166 2333; x_wconf 72' lang='lat' dir='ltr'>esse</span> <span class='ocrx_word' id='word_1_124' title='bbox 193 2251 297 2326; x_wconf 76' lang='lat' dir='ltr'>simul</span> <span class='ocrx_word' id='word_1_125' title='bbox 322 2274 365 2327; x_wconf 84' lang='lat' dir='ltr'>ac</span> <span class='ocrx_word' id='word_1_126' title='bbox 390 2274 504 2325; x_wconf 86' lang='lat' dir='ltr'>unum</span> <span class='ocrx_word' id='word_1_127' title='bbox 537 2252 692 2341; x_wconf 88' lang='lat' dir='ltr'>docuit,</span> <span class='ocrx_word' id='word_1_128' title='bbox 729 2274 836 2349; x_wconf 68' lang='lat' dir='ltr'>qoem</span> <span class='ocrx_word' id='word_1_129' title='bbox 874 2254 948 2354; x_wconf 81' lang='lat' dir='ltr'>ipse</span> 
     </span>
     <span class='ocr_line' id='line_1_23' title="bbox 91 2350 946 2450; baseline -0.001 -21"><span class='ocrx_word' id='word_1_130' title='bbox 91 2352 167 2429; x_wconf 78' lang='lat' dir='ltr'>nei</span> <span class='ocrx_word' id='word_1_131' title='bbox 202 2350 341 2440; x_wconf 86' lang='lat' dir='ltr'>Filius,</span> <span class='ocrx_word' id='word_1_132' title='bbox 387 2351 487 2426; x_wconf 84' lang='lat' dir='ltr'>Patri</span> <span class='ocrx_word' id='word_1_133' title='bbox 522 2374 587 2448; x_wconf 85' lang='lat' dir='ltr'>per</span> <span class='ocrx_word' id='word_1_134' title='bbox 617 2351 740 2424; x_wconf 82' lang='lat' dir='ltr'>omnia</span> <span class='ocrx_word' id='word_1_135' title='bbox 772 2351 946 2450; x_wconf 67' lang='lat' dir='ltr'>equalis:</span> 
     </span>
     <span class='ocr_line' id='line_1_24' title="bbox 95 2448 947 2551; baseline 0 -24"><span class='ocrx_word' id='word_1_136' title='bbox 95 2450 367 2551; x_wconf 76' lang='lat' dir='ltr'>Incornrtionis</span> <span class='ocrx_word' id='word_1_137' title='bbox 397 2448 605 2550; x_wconf 87' lang='lat' dir='ltr'>mysterium</span> <span class='ocrx_word' id='word_1_138' title='bbox 631 2449 811 2525; x_wconf 85' lang='lat' dir='ltr'>ineffabile</span> <span class='ocrx_word' id='word_1_139' title='bbox 835 2476 947 2527; x_wconf 88' lang='lat' dir='ltr'>nemo</span> 
     </span>
     <span class='ocr_line' id='line_1_25' title="bbox 93 2548 947 2651; baseline -0.005 -24"><span class='ocrx_word' id='word_1_140' title='bbox 93 2551 229 2645; x_wconf 77' lang='lat' dir='ltr'>melius</span> <span class='ocrx_word' id='word_1_141' title='bbox 259 2575 303 2623; x_wconf 82' lang='lat' dir='ltr'>ac</span> <span class='ocrx_word' id='word_1_142' title='bbox 329 2550 543 2646; x_wconf 86' lang='lat' dir='ltr'>profundius</span> <span class='ocrx_word' id='word_1_143' title='bbox 577 2548 798 2651; x_wconf 78' lang='lat' dir='ltr'>explicavit,</span> <span class='ocrx_word' id='word_1_144' title='bbox 834 2574 947 2649; x_wconf 84' lang='lat' dir='ltr'>quarn</span> 
     </span>
     <span class='ocr_line' id='line_1_26' title="bbox 93 2645 948 2744; baseline -0.004 -17"><span class='ocrx_word' id='word_1_145' title='bbox 93 2650 290 2727; x_wconf 75' lang='lat' dir='ltr'>verbum,</span> <span class='ocrx_word' id='word_1_146' title='bbox 317 2648 416 2744; x_wconf 90' lang='lat' dir='ltr'>quod</span> <span class='ocrx_word' id='word_1_147' title='bbox 443 2671 526 2722; x_wconf 84' lang='lat' dir='ltr'>caro</span> <span class='ocrx_word' id='word_1_148' title='bbox 551 2645 686 2725; x_wconf 69' lang='lat' dir='ltr'>sosium</span> <span class='ocrx_word' id='word_1_149' title='bbox 712 2645 784 2720; x_wconf 83' lang='lat' dir='ltr'>est:</span> <span class='ocrx_word' id='word_1_150' title='bbox 814 2647 948 2724; x_wconf 73' lang='lat' dir='ltr'>dostri·</span> 
     </span>
     <span class='ocr_line' id='line_1_27' title="bbox 94 2745 947 2845; baseline 0.001 -23"><span class='ocrx_word' id='word_1_151' title='bbox 94 2750 181 2839; x_wconf 73' lang='lat' dir='ltr'>tiam</span> <span class='ocrx_word' id='word_1_152' title='bbox 217 2751 264 2822; x_wconf 86' lang='lat' dir='ltr'>de</span> <span class='ocrx_word' id='word_1_153' title='bbox 298 2745 447 2845; x_wconf 80' lang='lat' dir='ltr'>Angelis</span> <span class='ocrx_word' id='word_1_154' title='bbox 480 2748 620 2842; x_wconf 87' lang='lat' dir='ltr'>optime</span> <span class='ocrx_word' id='word_1_155' title='bbox 649 2745 846 2839; x_wconf 70' lang='lat' dir='ltr'>declaravit</span> <span class='ocrx_word' id='word_1_156' title='bbox 870 2750 947 2823; x_wconf 81' lang='lat' dir='ltr'>An·&#39;</span> 
     </span>
     <span class='ocr_line' id='line_1_28' title="bbox 94 2844 946 2948; baseline 0.001 -26"><span class='ocrx_word' id='word_1_157' title='bbox 94 2847 263 2948; x_wconf 66' lang='lat' dir='ltr'>pelorum</span> <span class='ocrx_word' id='word_1_158' title='bbox 288 2846 494 2931; x_wconf 88' lang='lat' dir='ltr'>Dominus,</span> <span class='ocrx_word' id='word_1_159' title='bbox 521 2846 580 2940; x_wconf 92' lang='lat' dir='ltr'>qui</span> <span class='ocrx_word' id='word_1_160' title='bbox 605 2844 743 2938; x_wconf 76' lang='lat' dir='ltr'>adeius</span> <span class='ocrx_word' id='word_1_161' title='bbox 761 2844 946 2927; x_wconf 85' lang='lat' dir='ltr'>servitium</span> 
     </span>
     <span class='ocr_line' id='line_1_29' title="bbox 95 2942 945 3037; baseline -0.001 -18"><span class='ocrx_word' id='word_1_162' title='bbox 95 2944 263 3021; x_wconf 81' lang='lat' dir='ltr'>destinati</span> <span class='ocrx_word' id='word_1_163' title='bbox 288 2945 535 3018; x_wconf 87' lang='lat' dir='ltr'>introeuntem</span> <span class='ocrx_word' id='word_1_164' title='bbox 562 2942 598 3014; x_wconf 87' lang='lat' dir='ltr'>in</span> <span class='ocrx_word' id='word_1_165' title='bbox 623 2943 719 3016; x_wconf 87' lang='lat' dir='ltr'>hunc</span> <span class='ocrx_word' id='word_1_166' title='bbox 744 2946 945 3037; x_wconf 81' lang='lat' dir='ltr'>mundum,</span> 
     </span>
     <span class='ocr_line' id='line_1_30' title="bbox 77 3036 945 3120; baseline 0 0"><span class='ocrx_word' id='word_1_167' title='bbox 77 3047 134 3120; x_wconf 73' lang='lat' dir='ltr'>&#39;dr</span> <span class='ocrx_word' id='word_1_168' title='bbox 160 3050 247 3120; x_wconf 80' lang='lat' dir='ltr'>cnm</span> <span class='ocrx_word' id='word_1_169' title='bbox 271 3042 480 3117; x_wconf 84' lang='lat' dir='ltr'>hominibus</span> <span class='ocrx_word' id='word_1_170' title='bbox 514 3036 787 3114; x_wconf 81' lang='lat' dir='ltr'>conversantem</span> <span class='ocrx_word' id='word_1_171' title='bbox 819 3047 945 3120; x_wconf 83' lang='lat' dir='ltr'>adora-</span> 
     </span>
     <span class='ocr_line' id='line_1_31' title="bbox 94 3132 944 3241; baseline -0.007 -20"><span class='ocrx_word' id='word_1_172' title='bbox 94 3132 209 3221; x_wconf 76' lang='lat' dir='ltr'>runtt</span> <span class='ocrx_word' id='word_1_173' title='bbox 236 3142 283 3216; x_wconf 83' lang='lat' dir='ltr'>de</span> <span class='ocrx_word' id='word_1_174' title='bbox 301 3140 506 3241; x_wconf 72' lang='lat' dir='ltr'>gratiaquis</span> <span class='ocrx_word' id='word_1_175' title='bbox 526 3136 701 3239; x_wconf 76' lang='lat' dir='ltr'>copiosus</span> <span class='ocrx_word' id='word_1_176' title='bbox 717 3141 812 3237; x_wconf 75' lang='lat' dir='ltr'>egit,</span> <span class='ocrx_word' id='word_1_177' title='bbox 833 3168 944 3239; x_wconf 84' lang='lat' dir='ltr'>quam</span> 
     </span>
     <span class='ocr_line' id='line_1_32' title="bbox 102 3236 942 3341; baseline -0.002 -27"><span class='ocrx_word' id='word_1_178' title='bbox 102 3236 108 3253; x_wconf 80' lang='grc'><em>“</em></span> <span class='ocrx_word' id='word_1_179' title='bbox 868 3242 942 3341; x_wconf 86' lang='lat' dir='ltr'>ipse</span> 
     </span>
    </p>
   </div>
   <div class='ocr_carea' id='block_1_3' title="bbox 0 0 1058 3698">
    <p class='ocr_par' dir='ltr' id='par_1_4' title="bbox 0 0 1058 3698">
     <span class='ocr_line' id='line_1_33' title="bbox 0 0 1058 3698; baseline 0 0"><span class='ocrx_word' id='word_1_180' title='bbox 0 0 1058 3698; x_wconf 95' lang='lat' dir='ltr'> </span> 
     </span>
    </p>
   </div>
  </div>
 </body>
</html>
