2108 3698
92 155 149 243 σο.
195 90 197 93 ’
318 149 429 277 ‚tan
458 148 511 241 rr.
572 149 697 243 onus
812 228 815 235 ,

34 364 40 375 .
89 303 193 376 Deus
220 296 413 391 fecundum
438 298 647 386 unanimem
682 299 830 375 uanum
856 317 941 373 corr·

90 399 242 475 sensum«
273 400 418 472 Adamo
467 416 648 497 tanquam·
692 396 840 470 humani
882 419 943 494 gu

28 506 37 515 ’
91 499 187 573 neris
219 498 328 593 capiti
361 496 585 596 posterorum
609 495 817 573 voluntates
843 516 952 575 nexu,

93 617 170 671 tarn
215 593 313 668 attio
348 594 562 694 colligavit,
625 614 668 668 ut
702 593 760 686 seu
802 596 945 671 bouum

92 695 153 770 seu
177 691 313 768 malurn
339 714 487 792 ageret,
517 695 554 768 id
593 693 630 767 in
661 715 789 767 omnes
827 692 946 770 omnia

90 816 141 867 no
181 790 531 881 transfunderetur,
598 792 788 872 homiuum
856 812 944 885 quoe

91 914 164 990 que
188 890 392 964 inteiioiius
417 913 492 967 tarn
510 891 715 990 propinquo
732 888 782 963 illi
800 886 944 971 foedere

82 986 231 1086 quatuos
258 987 359 1062 fuiss‘e
384 987 435 1062 fas
469 989 520 1063 est
544 991 712 1077 credere,
746 1010 789 1061 ut
815 990 851 1063 in
878 1011 944 1069 uos

90 1086 273 1160 scientiam
301 1088 539 1175 naturalium,
571 1085 762 1184 multoque
787 1085 944 1183 amplius

89 1185 423 1282 supernaturalium¹
451 1211 572 1273 retum,
597 1211 619 1270 e
650 1184 754 1266 coelo-
781 1184 944 1267 haustam

90 1287 286 1363 derivaret.

88 1378 96 1435 '-
142 1384 238 1456 Hinc
272 1384 383 1459 dubio
419 1384 547 1483 procul
591 1402 785 1483 acceptum
824 1381 945 1478 hoco

89 1480 187 1555 eoelo
213 1480 363 1580 pignus,
388 1486 552 1579 quamvis
573 1485 735 1582 corporis
755 1482 792 1557 ἃ
813 1478 944 1560 animat

82 1574 226 1654 uiribus
252 1582 329 1679 post
362 1581 498 1679 lapsutn
530 1607 604 1662 non
637 1581 724 1654 nihil
761 1581 944 1654 hebetatis

89 1678 346 1769 imminutum,
372 1679 506 1756 sacrant
530 1679 704 1755 videlicet
727 1678 943 1773 dobitinam,

88 1775 171 1865 filiis
197 1776 262 1850 suis
287 1802 330 1853 uc
356 1779 551 1875 nepotibus
584 1803 658 1853 non
695 1777 809 1853 solum
830 1779 943 1853 tradi·

89 1874 145 1947 dit
169 1877 266 1948 idem
292 1878 473 1964 Adamus,
499 1899 628 1952 uerum
654 1879 765 1956 etiam
790 1894 834 1955 ut
857 1899 942 1951 cou-

87 1972 232 2047 stitutus
259 1974 297 2047 in
332 1977 405 2050 hoc
439 1998 562 2048 rerum
593 1974 759 2071 universo
793 1974 944 2049 humani

114 2073 231 2146 eneris
257 2074 393 2169 primus
419 2071 580 2160 Dotion,
619 2075 657 2148 u
682 2093 723 2146 ut
748 2075 799 2147 ita
823 2073 944 2148 dicam

86 2095 265 2247 grofeffor
291 2173 457 2270 publicus
483 2175 637 2249 eandem
663 2171 860 2268 explicavit
885 2195 945 2247 ex«

31 2279 33 2284 '
87 2268 297 2367 posuitque,
324 2291 504 2369 quantum
537 2294 631 2369 opus
658 2290 760 2355 erat,
791 2288 833 2347 ut
857 2293 944 2346 cous

86 2364 221 2444 ssantes
247 2392 289 2442 ac
314 2371 411 2447 firmi
435 2376 472 2442 in
506 2392 593 2441 vura
628 2369 806 2468 religione
840 2367 944 2467 potii·

13 2521 35 2563 ·.
86 2463 242 2553 sterent,
269 2467 457 2562 dubiisque
472 2486 549 2538 tum
572 2465 657 2554 suis,
686 2489 765 2544 tum
786 2467 943 2551 aliorum

83 2582 304 2655 occurrere,
332 2560 482 2637 ac'fidei
500 2563 618 2639 hostes
630 2614 645 2652 ,
672 2566 803 2663 quibus
820 2565 944 2641 Eccle-

48 2670 51 2675 “
87 2660 134 2737 fia
158 2685 343 2759 uunquam
369 2663 503 2749 tatuit,
546 2685 762 2763 oppugnare
792 2687 837 2742 ac
861 2688 944 2763 pro*

83 2756 212 2857 ssigare
235 2754 384 2854 possent.
436 2758 548 2847 Nefas
568 2765 664 2836 enim
684 2763 779 2838 foret
796 2765 941 2851 dicere,

24 2910 29 2917 -
84 2858 206 2933 Deum
234 2855 583 2953 verat-Religioniac
599 2861 761 2939 Ecciefiae
785 2861 853 2936 suae
876 2864 941 2937 ini·

83 2958 140 3027 rio
165 2952 284 3029 statim
309 2955 478 3044 defuiffe,
515 2984 583 3033 uec
616 2963 740 3039 omnia
773 2963 820 3035 ad
855 2959 940 3037 salu·

84 3068 161 3127 tem
176 3050 369 3127 neceiiaria
391 3055 438 3128 illi
463 3055 667 3155 providisse.
720 3060 852 3158 Neque
868 3058 939 3133 exi·

21 3252 23 3257 ¹
82 3144 299 3263 dimittitur
325 3153 397 3258 est,
424 3155 556 3240 sacram
573 3176 651 3242 tum
674 3160 939 3331 temporisgq

896 3276 937 3331 n.
