2108 3698
160 178 167 183 ·
222 124 535 273 &Prograffus'
555 148 786 271 Theologiae.
862 161 922 279 ‚u5

76 310 115 389 bt
138 308 339 387 mendaciis
363 311 560 407 depravata
584 308 707 399 fuerit,
733 308 925 389 hominum

76 412 171 585 falcra
197 405 356 509 profanis
386 406 424 483 δι
449 410 571 482 Deum
594 411 673 485 Diis
697 408 927 490 miscentium

76 531 200 587 vtro..
822 533 825 539 ’

127 607 199 682 ubi
234 623 357 680 autem
398 629 485 682 vera
524 604 687 708 Religio,
729 592 940 704 rerumque

76 708 281 783 divinarum
309 704 429 779 cultus
445 706 641 780 Abrabami
658 706 823 783 acMosrs
847 731 927 784 aevo

76 804 225 883 liberius
257 803 388 903 spirare
423 808 557 902 coepit,
581 804 806 904 Theologica
840 831 927 904 quo-

76 928 149 1003 quc
175 903 321 978 scientia
346 904 408 976 diu
434 903 569 1000 sepulta
594 923 704 1002 caput
728 909 866 1004 erigere
884 930 928 981 ac

76 1002 185 1081 latius
209 1001 390 1084 dominari
413 1001 484 1074 visa
502 1001 570 1087 est,
595 1003 805 1079 Abrabamo
829 1006 928 1105 apud

76 1102 268 1200 AEgyptios
298 1101 336 1174 ἃ
353 1100 565 1187 Chaldaeos,
591 1098 692 1175 Mose
715 1124 805 1178 vero
829 1104 928 1202 apud

76 1202 218 1375 podatos
246 1222 328 1271 eam
350 1220 585 1298 propagante.
640 1200 736 1273 Tum
769 1200 927 1300 primum

93 1298 191 1373 'reris
217 1296 285 1370 fuit
310 1298 543 1397 consignata,
584 1296 841 1396 constitutique
870 1303 928 1399 §a-

76 1398 267 1482 cerdotes‚
292 1398 437 1481 Scriba,
462 1421 515 1470 ac·
531 1397 768 1495 legisperiti,
793 1399 858 1493 qui
878 1397 929 1470 la·

76 1518 178 1573 cram
201 1495 298 1567 hanc
333 1493 532 1568 doctrinam
565 1495 684 1593 palam
717 1493 931 1594 profiteren-

76 1612 152 1671 tur.
177 1595 405 1692 Sequebatur
420 1595 548 1692 ingens
565 1595 760 1668 celebrium
773 1594 931 1692 Prophe·

76 1712 417 1777 ammoneretur,
450 1715 606 1791 quorum
632 1692 835 1794 magisterio
870 1713 931 1790 po-

76 1788 158 1891 puli
183 1792 378 1865 advenum
404 1793 572 1866 Numinis
596 1793 736 1867 cultum
760 1787 932 1889 postlimi-

76 1891 143 1965 nio
167 1892 348 1978 revocari,
380 1891 416 1962 δι
444 1893 675 1964 Sacramenta
699 1891 930 1983 ceremoniae·

101 2011 156 2063 uev
175 1985 322 2063 fuerunt
346 1986 535 2073 instituta,
568 1991 698 2079 quibus
724 1987 866 2082 Religio
892 1987 931 2060 bc

103 2086 202 2161 ivina
227 2087 306 2158 haec
340 2082 486 2155 scientia
518 2084 608 2155 l'arta
643 2079 810 2175 terraque
846 2104 932 2153 cort·

78 2182 288 2259 [errabatur
321 2178 571 2254 sexcentorum
605 2201 783 2261 annorum
824 2179 933 2252 inter·

77 2280 175 2359 vallo
201 2280 248 2354 ad
274 2275 452 2352 Roboami
477 2277 742 2377 &jeroboami
764 2295 932 2374 tempora

79 2386 195 2481 nique
222 2374 400 2450 dedubm:
427 2379 558 2451 horum
572 2379 693 2494 primo
713 2380 758 2448 ad
777 2376 931 2467 judaici,

76 2476 195 2565 altero
221 2479 265 2551 ad
281 2474 460 2550 israelitici
479 2498 581 2574 regni
604 2475 746 2550 clavum
768 2468 930 2562 sedente,
1019 2494 1024 2503 “

76 2596 157 2659 tum
169 2579 221 2651 ob
238 2575 412 2649 continua
429 2570 522 2648 inier
538 2577 627 2648 duas
638 2575 702 2645 has
715 2591 845 2668 gentes
860 2572 933 2646 bel·
988 2629 996 2645 ,

76 2674 200 2753 buum
228 2673 414 2757 incendia,
442 2692 520 2744 turn
546 2676 594 2746 ob
617 2665 811 2747 destruens
841 2671 932 2745 Veri

76 2772 249 2849 Nominis
268 2794 371 2857 aras,
398 2766 569 2842 &erecta
593 2770 729 2865 ubique
746 2766 842 2867 idola
868 2792 932 2864 per

76 2876 302 2973 quingentos
320 2869 586 2968 propemodum
607 2866 645 2942 δε
671 2866 828 2964 quinqua
857 2870 934 2940 inta

76 2995 194 3047 annos
220 2966 382 3066 negletla
407 2966 667 3057 obscurataque
690 2965 803 3058 jacuit
848 2971 932 3039 beo·

77 3067 195 3170 logia,
224 3090 291 3141 nec
306 3066 365 3140 nifi
382 3064 459 3162 post
475 3058 695 3160 captivitatis
707 3061 931 3158 Babylonica

76 3150 189 3257 bem
218 3166 337 3245 Eadrae
373 3158 597 3271 potiffitnum
639 3183 752 3262 opera
782 3160 930 3337 pistrino

437 3308 442 3313 -
633 3312 640 3335 -,
716 3310 720 3319 -
832 3281 935 3361 pem
1019 3296 1034 3327 κ
