2108 3698
131 97 374 271 ·Tbeo'sogiae,
400 153 610 249 nudoriras
627 156 679 252 &
694 163 807 246 idib·
841 185 920 277 173

78 308 175 385 tibus
197 306 409 406 Apostolicat
434 307 535 381 Sedis
558 308 704 408 Legaris
720 310 928 391 xTheodoro

76 406 117 487 ’ἃ
152 402 318 507 Georgio
352 403 578 504 Presbyteris
593 455 607 495 ,
642 424 753 505 atque
783 409 923 507 Joanne

78 506 271 585 Diacono:
299 507 447 580 Patrona
472 524 602 595 autern!
621 529 773 582 numero
798 508 841 577 ati
861 512 924 581 du-

76 625 210 685 centos
239 596 426 705 odioginta
459 605 496 678 dt
528 626 662 691 novem
695 607 923 682 ascendente.

76 702 136 779 Ab
157 700 213 777 bis
232 703 311 777 dies
332 698 448 775 didus
466 703 740 792 Monotiteiitis,
765 728 925 794 quorum

76 802 190 879 duces
223 798 373 875 suerunt
411 798 628 875 Theodotus
663 801 924 879 pharanitanus

76 896 274 999 Episcopus
286 912 306 986 ,’
324 898 450 997 Cyrus
468 894 752 989 ¹Alexandrinus,
779 905 925 1002 Sergius

76 998 288 1077 Patriarcha
313 995 745 1093 Constantinopoiitanus,
769 1000 924 1099 eiusque

76 1096 202 1275 ffiiea
244 1086 456 1171 successores
494 1096 650 1194 Pyrrhus
695 1096 733 1171 dr
765 1099 951 1174 Pauiius.'

114 1217 228 1271 uvam
248 1189 302 1267 isti
322 1193 467 1269 haeresrn
486 1193 589 1269 velut
610 1220 630 1268 e
649 1197 836 1269 ruderibus
857 1199 923 1272 Eu·

76 1294 260 1399 tychianae
274 1290 407 1368 infeiIci
417 1311 552 1368 conatu
564 1293 777 1367 excitarunt.
795 1297 925 1392 Quum

76 1400 181 1477 euim
216 1392 330 1490 probe
363 1386 525 1485 nudent,
558 1392 800 1491 Eutychetem
836 1397 926 1468 duas

76 1492 116 1579 in
147 1488 292 1565 Christo
321 1510 465 1564 naturas
498 1509 692 1590 negantem
719 1515 740 1563 a
773 1490 927 1565 Chalce-

76 1587 226 1667 donenfi
250 1586 419 1664 Concilio
443 1584 543 1664 fuisse
569 1588 802 1679 damnatum,
825 1591 926 1688 quod
1045 1614 1049 1619 ·

76 1686 199 1791 palato
230 1686 381 1763 asserere
421 1712 507 1775 non,
531 1689 740 1775 audebant,
776 1688 925 1765 occulta

76 1789 354 1877 oenttmntvia,
379 1787 554 1863 docentes
571 1789 716 1862 unicam
736 1785 926 1863 solornrno·
1028 1874 1031 1881 ,

76 1886 133 1981 do
154 1882 378 1960 voluntatem
405 1880 733 1986 ¹operationemque
759 1874 927 1961 in'Chri·

76 1982 135 2059 sto
157 1980 280 2057 iocum
309 1984 473 2068 habere,
512 2004 707 2078 propterea
731 1983 927 2056 Monothe·

76 2078 150 2157 lira
167 2079 281 2152 didit
316 2101 425 2173 atque
458 2081 508 2149 ita
534 2076 748 2172 sperabant,
781 2076 859 2152 fore
885 2098 928 2154 ut

77 2178 220 2281 sepulta
245 2175 382 2250 hattesrs
414 2174 639 2272 Eutychiana
665 2199 686 2248 e
711 2175 854 2249 tornulo
880 2179 928 2251 ad

77 2280 200 2377 piram,
220 2274 366 2347 rediret.
413 2275 567 2373 Jamque
589 2297 634 2348 eo
653 2297 729 2376 torn
754 2276 928 2374 perduxe-

76 2370 161 2463 rant
187 2374 329 2472 Sergius
356 2372 392 2448 dt
420 2372 566 2472 Cyrus,
592 2394 633 2447 ut
651 2370 841 2448 Heraclius
860 2376 927 2448 lm·

77 2493 228 2577 perator
252 2495 379 2546 eorum
404 2469 590 2547 fraudibus
615 2472 773 2545 irretitus
800 2471 928 2546 (1οᾶτί-

77 2596 164 2657 nam
191 2572 285 2642 hanc
312 2568 457 2668 publico
482 2568 600 2645 edibio
627 2570 805 2670 vulgarit,
826 2575 926 2671 quod

79 2662 225 2765 Edie'stm
263 2666 320 2740 seu
355 2666 439 2742 fidei
482 2668 739 2767 expuitionem
782 2670 928 2759 dixere,

82 2771 253 2864 ,oodque
279 2768 422 2875 Sergius
453 2767 681 2864 imperatoris
711 2766 928 2845 ausiotitate

138 2886 197 2941 tus
221 2865 298 2961 post
316 2864 654 2960 Prendo-synodum
676 2866 928 2942 Constantino·

78 2962 157 3067 'poli
182 2962 346 3039 coaetant
376 2956 554 3062 spedante
587 2963 723 3061 popuio
757 2967 927 3066 principia

80 3059 209 3162 tempii
236 3058 372 3138 foribus
398 3058 493 3160 affigi
518 3062 716 3135 mandavit.
788 3064 927 3138 Verum

81 3158 249 3241 nefandis
268 3163 367 3239 hisce
382 3162 520 3238 ausibus
537 3157 704 3259 opposuit
720 3158 753 3236 se
774 3161 927 3258 Sophro-

832 3280 926 3345 ntus,
