2108 3698
153 186 211 278 44
286 206 310 283 χ
389 96 485 288 βιῷ.
512 160 579 249 ΙΙ.·
627 164 750 252 Ortus
902 176 914 205 '

152 333 233 408 quae
259 310 546 407 Supernaturalis
559 312 774 411 appellatur,
795 308 899 408 otigo
924 309 1005 385 aba

151 431 224 508 que
248 411 359 485 dubio
383 412 427 483 ab
452 409 612 487 Auctore
644 418 779 501 naturae
816 433 858 483 ac
894 409 1002 484 Patre

150 507 328 582 luminum
354 508 428 607 ipso
449 510 529 583 Deo
553 510 709 606 petenda
735 509 795 582 est.
844 508 906 581 Ab
928 510 1000 582 noc

150 609 248 681 enim
280 607 342 680 sub
374 607 445 706 ipsa
486 609 612 682 mundi
644 606 818 682 nascentis
853 607 1002 704 primur·

95 766 98 774 .
149 704 209 799 dia
233 705 487 804 Protopatenti
512 706 632 784 nostro
658 706 803 780 Adamo
827 729 912 779 cum
948 728 999 779 re-

148 801 249 901 liquo
297 803 524 878 scientiarum
572 826 746 904 apparatu
794 807 827 879 T
830 803 1027 903 heologia.'

149 926 316 1003 quoque,
338 904 375 977 &
392 905 536 1000 quidem
554 927 626 1003 pra
641 904 800 998 reliquis,
826 922 999 999 tanquam

146 1004 313 1077 omnium
338 1004 505 1100 princeps
532 1004 694 1090 scientia,
717 1000 776 1077 seu
803 998 925 1099 potins
943 1002 1000 1097 Sa·

146 1098 305 1197 pientia,
331 1119 373 1172 ut
391 1124 470 1173 eam
487 1121 699 1201 nuncupant
723 1104 769 1175 D.
780 1098 1000 1201 Augustinus

119 1197 187 1271 -ἃ
212 1199 245 1270 S·
257 1198 436 1286 Tl¹⁰¹1¹282
473 1207 579 1302 pleno
615 1203 722 1276 alveo
754 1201 823 1272 fuit
855 1195 998 1284 infusa,

146 1318 191 1369 ac
214 1296 443 1395 postmodum
468 1300 531 1403 put
557 1302 648 1378 filius
675 1302 712 1376 &
739 1317 891 1395 nepotes
907 1297 999 1377 Ada-

148 1397 221 1483 tni‚
248 1397 412 1485 sethum,
439 1399 643 1488 Enochurn,
670 1403 870 1486 Noenum,
896 1395 999 1469 alins·

148 1515 221 1592 que
244 1517 310 1592 per
332 1496 486 1574 totidem
505 1500 599 1600 quafi
618 1501 717 1575 rivus
739 1499 775 1569 in
791 1492 999 1569 universum

26 1646 31 1653 .
147 1594 264 1761 Penus
304 1591 504 1672 humanum
555 1615 764 1696 propagata.
857 1594 999 1666 Verum

88 1776 92 1783 ι
161 1694 240 1760 idus
265 1691 338 1764 hoc
369 1693 684 1789 splendidissimum
711 1693 812 1769 brevi
837 1693 903 1767 vix
924 1713 999 1777 non

144 1785 216 1860 fuit
241 1790 454 1868 annuum.
504 1801 632 1894 Quum
658 1796 756 1868 enim
785 1791 864 1890 post
890 1790 998 1865 turris

145 1885 256 1961 Babel
280 1892 501 1970 evarfionem
515 1942 527 1980 ‚
569 1887 845 1995 linguatumque
869 1885 998 1985 nunfa-

96 2062 98 2067 .
146 1981 281 2059 sunem
305 1991 452 2067 exulare
476 1990 567 2088 juffu
600 1994 678 2068 veti
704 1989 870 2066 Numinis
895 1984 999 2061 cuitu

144 2106 213 2254 Fer
237 2110 406 2187 magnam
432 2096 529 2168 orbis
565 2114 705 2189 partem
739 2084 863 2188 pastina
896 2086 996 2159 inva-

28 2240 36 2268 ,
159 2183 263 2258 uisset
289 2188 513 2282 idololatria,
542 2191 745 2288 Theologia
763 2181 999 2284 quoquaiila,

145 2302 226 2379 quae
261 2304 399 2361 naturae
433 2295 528 2363 vires
560 2288 805 2373 transcendit,
832 2283 1035 2357 maximis

145 2379 313 2467 invuiuta
349 2388 508 2460 tenebris
546 2387 607 2457 diu
643 2383 767 2473 latuit,
799 2383 836 2457 &
868 2400 997 2455 tenue·

145 2484 325 2558 duntaxat
349 2484 507 2581 reliquiae
542 2484 579 2554 in
612 2506 652 2555 ea
680 2484 810 2556 Adami
844 2479 1000 2579 postero·

145 2594 228 2656 tuni
253 2606 319 2681 pro
347 2585 448 2669 enie,
488 2600 580 2676 quos
602 2579 678 2655 Dei
688 2580 790 2672 filios
810 2584 998 2677 nuncupat

39 2700 42 2707 '
145 2682 338 2778 &scriptu
361 2706 399 2766 a,
442 2701 640 2754 commune
678 2682 776 2755 orbis
818 2677 998 2769 diluvium

46 2858 50 2864 ,
145 2777 440 2875 &Babylonica
476 2779 585 2851 turris
619 2780 751 2852 rudera
786 2776 1000 2851 evaserunta'

144 2875 356 2970 Theologiae
382 2887 512 2949 tamen
530 2877 643 2966 iilius,
669 2899 747 2972 quae
773 2896 913 2950 naturae
936 2875 1000 2946 du·

143 2975 205 3048 flu
231 2996 274 3045 ac
295 2972 432 3047 iumine
456 2999 518 3061 ea,
544 2999 623 3074 quae
650 2975 751 3076 supra
780 2973 814 3048 se
841 2974 923 3046 sunt
946 2973 1000 3044 in·

128 3068 319 3170 uestigat,
356 3072 559 3149 cultura&
585 3098 670 3149 cura
702 3074 826 3172 potior
850 3068 921 3143 fuit
952 3068 997 3140 se·

72 3210 77 3245 t
144 3164 236 3261 tulta
248 3170 338 3263 iilis,
355 3172 521 3276 quamvis
534 3174 572 3251 u
587 3177 664 3250 haec
680 3173 849 3275 piurimis
866 3165 1000 3342 ῑεώυῑὲῖ
