2108 3698
128 150 368 290 sseoiogiae,
397 150 607 266 tortoreto
637 180 689 274 ἔθ’
709 183 821 268 notio.
859 210 942 297 119

77 324 168 433 fient
184 325 353 401 ordinare
375 331 643 416 narrationem,
675 354 751 433 que
773 334 813 405 in
838 328 940 407 nobis¹

86 427 261 526 completa
274 424 385 520 stent,
425 452 545 500 rernm
558 452 571 495 .·
585 426 683 521 stent
705 427 939 509 tradiderunt

87 521 204 614 nobis,
253 528 293 598 ni
315 518 359 598 nb
380 527 492 605 initio
512 524 581 624 ipſs
591 523 779 611 viderunt,
807 526 853 604 ἔθ’
865 529 939 602 Mi·

86 626 196 716 distri
209 550 368 718 sinerent
379 623 578 717 semones.-
604 623 719 714 vifiem
735 627 782 718 est
807 626 854 703 &²
872 630 938 700 rni-

87 718 146 813 hi,
171 722 318 817 afflcteto
343 725 461 797 omnin
489 748 512 795 n
528 725 714 821 princepio
740 723 811 799 dili
836 738 938 800 enter

86 848 132 901 ex
158 820 284 896 ordine
314 816 388 900 tibi
396 817 578 912 scribere,
613 750 859 995 Hirpini,
893 838 937 897 nt

86 917 271 1023 cognosces
295 943 414 992 eornm
440 916 648 1008 verborum,
675 923 739 1022 qni
760 946 800 995 us
821 922 938 1015 erudi·¹

88 1034 146 1101 tus
166 1042 225 1106 es,
259 1021 463 1092 veritatem.
521 1016 717 1123 Colligitur
743 1018 938 1097 auetoritas

85 1118 310 1197 Tenditionis
368 1119 439 1209 (u't
488 1116 575 1191 nihil
626 1118 743 1191 dicam
784 1119 830 1194 de
875 1121 935 1193 SS.

86 1216 235 1295 Petrum
269 1213 479 1293 testimoniis
513 1213 817 1307 luculentillimis‚
856 1241 938 1315 quot

85 1317 256 1393 omnibus
282 1312 404 1388 seculis
433 1314 479 1388 de
493 1314 749 1391 Traditionum
775 1311 838 1387 usu
859 1338 937 1413 per·

76 1416 317 1508 thumum)
350 1412 533 1513 colligitur
564 1416 714 1510 inquam
741 1414 851 1487 tertio
891 1435 937 1488 ex

85 1498 158 1613 ipse
189 1511 411 1587 Traditlonis
447 1512 680 1607 admittendae
716 1507 938 1587 necellitate.

85 1614 180 1697 Non,
213 1611 309 1684 enim
341 1611 463 1685 omnia
473 1635 504 1698 ‚·
536 1633 616 1709 quae
650 1612 695 1682 ad
736 1607 938 1685 uterinam

82 1707 324 1787 Christianam
352 1711 553 1807 pertinent,
578 1710 615 1784 in
642 1711 701 1784 SS.
712 1710 860 1784 Litteris
877 1732 938 1783 ex·

84 1804 204 1907 prena
232 1808 392 1883 invenire
422 1807 518 1883 licet.
593 1810 689 1882 Nam
720 1828 936 1906 perpetuam

83 1910 127 1987 B.
144 1905 267 1981 Meriae'
292 1907 561 2005 virginitatem,
589 1907 796 1983 descensum
831 1906 936 1979 Chri·

82 2004 126 2091 itl
169 2004 215 2076 ud
257 2003 414 2090 inferos,
455 2005 632 2099 baptismo
671 2002 934 2102 parvulorum,
1044 2074 1048 2085 x

84 2100 240 2205 Spiritus
254 2099 359 2172 sonui
371 2125 392 2172 e
406 2099 739 2196 hliuprocedentis,
766 2124 810 2174 oc
826 2101 939 2173 trium

85 2200 344 2285 Personarum,
376 2219 609 2271 communem
640 2199 852 2273 habentium
878 2219 937 2271 na-

85 2318 226 2385 turum,
255 2295 327 2368 ase
342 2295 499 2371 invicem
526 2316 649 2375 autem
674 2320 781 2388 vere,
807 2298 846 2374 δι
861 2320 937 2371 non

84 2398 228 2475 neone
259 2392 371 2469 solum
403 2393 647 2475 distiniiarum
680 2393 829 2471 sublime
862 2417 939 2491 my·
1028 2414 1031 2418 ’

76 2496 232 2587 llerium
257 2517 331 2571 nun
356 2494 407 2565 ita
432 2494 534 2572 claris
560 2497 597 2568 in
636 2497 671 2568 S.
692 2495 834 2568 Codice
858 2495 940 2565 cha·

83 2594 283 2677 ruderibus
310 2588 486 2690 descripta
518 2596 698 2692 reperies,
732 2590 863 2690 quibus
887 2607 938 2662 te·
1004 2614 1007 2623 ·

85 2718 175 2793 men
201 2693 293 2766 adeo
320 2707 419 2765 certa
444 2686 534 2762 fides
559 2689 764 2765 adhibenda
787 2687 858 2777 eil,
894 2703 944 2779 utj

81 2791 353 2871 'contrariorum
386 2788 599 2887 dogmatum
633 2784 837 2863 defensores
876 2789 941 2863 Ec:

85 2890 202 2973 elelia'
218 2885 354 2965 heresis
379 2884 544 2983 stigmate
568 2883 708 2983 pridem
733 2887 879 2963 notarit.
925 2938 943 2973 ·.

135 2989 300 3067 Videant
323 2983 434 3084 igitur
458 3008 530 3058 una
567 3007 612 3058 ex
631 3003 745 3079 parte
776 2986 936 3060 haeretiei

89 3089 292 3165 nostrorum
320 3107 547 3183 tempotum,
574 3083 660 3180 quid
688 3104 818 3182 egent,
849 3086 937 3159 dum·

76 3202 241 3289 ⁸'ptntteut
264 3183 467 3265 Traditioni
497 3180 612 3356 ἥξω
634 3183 833 3305 abrpgant'3
866 3183 939 3283 hac

118 3288 128 3303 ⁸
592 3301 617 3377 4
844 3281 948 3357 enim
