2108 3698
41 110 44 119 Ι
145 157 263 274 ’146
440 153 533 271 Cap.
568 155 615 242 V.
672 151 755 266 Jus

18 282 22 294 ¹
175 329 264 381 num
289 300 424 378 idioma
461 300 639 379 transtulit
668 304 715 377 ad
754 298 858 376 usurn
889 301 1023 381 'utilite’

172 422 323 500 temque
354 396 574 501 potissimum
603 400 765 476 Ecclefiae
801 400 874 475 His
891 402 1023 493 arisca3

173 503 262 603 quin
288 502 325 573 ἃ
349 499 439 575 alios
473 500 631 574 cananea
656 523 678 575 e
701 498 821 576 latinis
882 500 1052 581 ancillis.»

173 595 370 699 congessit,
395 598 553 672 maxime
575 596 783 683 Toletanis,
808 620 902 695 quos
927 619 1022 675 conr·

171 698 292 797 plures
326 693 387 769 suo
419 697 579 771 Decreto
612 693 843 793 postmodum
876 694 1046 773 insernit'

173 796 395 882 Gratianus,
422 792 480 867 sed
507 816 696 895 perperam
721 797 872 870 nomine
895 796 1021 871 Marti·

119 912 148 989 j
171 895 210 969 ni
236 894 339 992 Papa
362 890 559 990 insignitos.
612 894 808 994 Reperitur
841 892 929 968 haec·
945 892 1021 971 ἱου1·

144 990 280 1068 'lessio
304 992 341 1065 in
366 990 493 1065 Tomis
519 989 770 1066 Conciliornm
799 988 877 1093 post
901 990 1020 1087 secun

169 1092 253 1170 darn
286 1089 473 1190 synodum
497 1089 786 1166 Bracnarensem.
810 1116 812 1120 ·

216 1289 357 1385 Quarta
383 1283 562 1361 eorrectio
594 1285 644 1360 est
681 1274 809 1362 Isidori
826 1205 1017 1386 Hispalen·

167 1383 231 1474 fir,
257 1382 384 1458 velut
416 1379 597 1479 nonnullis
630 1382 769 1483 placet,
801 1388 1015 1463 Mercatorir
1049 1472 1053 1479 ,

142 1483 226 1559 seu
251 1482 454 1569 Peccatotis
479 1482 669 1580 (utroque
682 1483 833 1558 nornine
847 1505 935 1558 curn
957 1480 1015 1559 ada

48 1576 52 1597 f
163 1580 276 1679 pellat
301 1577 510 1654 Possev'rnus
528 1582 583 1676 (r)
616 1579 779 1677 Episcopi
798 1580 1011 1658 Setubeniis.

166 1681 243 1776 Qui
269 1677 401 1754 sfidoro
426 1677 620 1777 Hispalenfi
645 1672 893 1753 collectionem
920 1682 1012 1757 hanc

140 1776 401 1868 abjudicant,
443 1777 500 1850 his
540 1778 705 1863 nituntur
745 1775 1010 1867 fundamentis,

161 1877 281 1973 primo
307 1875 453 1973 quidem
480 1874 578 1972 quod
593 1875 631 1949 in
645 1897 689 1950 ea
714 1877 853 1968 mentio
878 1874 943 1951 fiat
963 1878 1011 1953 de
1031 1969 1039 1977 .

141 1973 332 2049 ‘Concilio
356 1973 537 2049 Toletano
555 1972 676 2062 sexto,
703 1974 803 2072 quod
821 1998 919 2059 anno
936 1984 1008 2069 638

59 2112 62 2117 ·
161 2070 384 2146 celebratum
410 2073 506 2147 fuit:
539 2067 614 2171 ipse
640 2093 730 2147 vero
759 2072 910 2148 Isidorus
933 2074 1009 2149 vita

24 2204 27 2209 =
161 2167 361 2244 excesserit.
384 2196 443 2250 an.
467 2180 552 2264 636.
598 2172 714 2260 Dein,
745 2175 845 2269 quod
871 2166 1008 2247 inserta

137 2270 386 2365 reperiantur
424 2268 584 2367 Epistolae
618 2270 790 2382 ,Gregorii
814 2272 855 2343 11.
887 2266 924 2343 &
949 2270 1005 2343 111

157 2386 228 2441 nec
252 2389 326 2442 non
345 2366 532 2441 Zachariae
549 2363 733 2439 Pontificrs
743 2411 757 2449 ‚
773 2367 1004 2531 quinimuu
1034 2397 1036 2404 ·

155 2464 234 2565 post
255 2488 389 2541 annum
423 2484 499 2557 700
528 2461 773 2562 Apostolicam
803 2461 837 2535 se
863 2485 922 2534 ean
951 2488 1001 2541 nc·

155 2581 349 2663 cuparunt.
397 2564 556 2638 Demurn
583 2560 690 2658 ‘qnod
731 2553 912 2633 Collectio
945 2560 1000 2637 ista

154 2660 252 2735 inter
275 2682 386 2756 opera
416 2654 584 2743 &isidori
618 2653 852 2756 Hispalensrs,
897 2662 1014 2735 ass..

153 2756 296 2837 Braulio
315 2758 353 2831 ἃ
371 2753 586 2853 lldephonso
608 2756 709 2831 edita
726 2774 800 2826 non
825 2756 998 2833 recensea-

151 2876 225 2933 tur.
246 2916 250 2923 .
275 2854 415 2929 Contra
440 2855 501 2951 qui
527 2857 561 2927 8.
572 2852 703 2928 Isidoro
722 2848 865 2938 favent,
882 2854 997 2931 Hinc·

1032 2211 1054 2504 !

94 2962 98 2969 “
149 2948 473 3039 arcitenensis,
500 2954 560 3048 qui
586 2951 729 3025 duobus
754 2950 898 3025 circiter
922 2950 996 3050 post
1026 2951 1054 3000 ¹

146 3050 290 3127 obitum
316 3044 438 3165 sfidnri
468 3047 594 3125 seculis
619 3048 824 3149 scripserat,
849 3046 994 3223 ausigi-

73 3174 76 3179 ·
958 3168 991 3223 te

184 3212 757 3367 amnmfflm,
