<?xml version="1.0" encoding="UTF-8"?>
<!DOCTYPE html PUBLIC "-//W3C//DTD XHTML 1.0 Transitional//EN"
    "http://www.w3.org/TR/xhtml1/DTD/xhtml1-transitional.dtd">
<html xmlns="http://www.w3.org/1999/xhtml" xml:lang="en" lang="en">
 <head>
  <title>
</title>
<meta http-equiv="Content-Type" content="text/html;charset=utf-8" />
  <meta name='ocr-system' content='tesseract 3.04.00' />
  <meta name='ocr-capabilities' content='ocr_page ocr_carea ocr_par ocr_line ocrx_word'/>
</head>
<body>
  <div class='ocr_page' id='page_1' title='image "./bibliothecadome03manngoog_0606.png"; bbox 0 0 2108 3698; ppageno 0'>
   <div class='ocr_carea' id='block_1_1' title="bbox 125 128 935 255">
    <p class='ocr_par' dir='ltr' id='par_1_1' title="bbox 125 128 935 255">
     <span class='ocr_line' id='line_1_1' title="bbox 125 128 935 255; baseline -0.002 -22"><span class='ocrx_word' id='word_1_1' title='bbox 125 136 363 255; x_wconf 70' lang='lat' dir='ltr'>sseologiae,</span> <span class='ocrx_word' id='word_1_2' title='bbox 392 133 602 230; x_wconf 64' lang='lat' dir='ltr'>annornm</span> <span class='ocrx_word' id='word_1_3' title='bbox 626 128 815 239; x_wconf 74' lang='lat' dir='ltr'>&amp;rollo</span> <span class='ocrx_word' id='word_1_4' title='bbox 852 163 935 255; x_wconf 82' lang='lat'>159</span> 
     </span>
    </p>
   </div>
   <div class='ocr_carea' id='block_1_2' title="bbox 80 283 935 1178">
    <p class='ocr_par' dir='ltr' id='par_1_2' title="bbox 80 283 935 1178">
     <span class='ocr_line' id='line_1_2' title="bbox 82 283 935 395; baseline -0.001 -27"><span class='ocrx_word' id='word_1_5' title='bbox 82 283 242 395; x_wconf 55' lang='lat' dir='ltr'>filerunt.</span> <span class='ocrx_word' id='word_1_6' title='bbox 290 293 370 365; x_wconf 82' lang='lat' dir='ltr'>Hos</span> <span class='ocrx_word' id='word_1_7' title='bbox 385 289 839 389; x_wconf 79' lang='lat' dir='ltr'>sequebanturAlexander</span> <span class='ocrx_word' id='word_1_8' title='bbox 853 295 935 367; x_wconf 86' lang='lat' dir='ltr'>Ale·</span> 
     </span>
     <span class='ocr_line' id='line_1_3' title="bbox 82 388 934 481; baseline -0.001 -14"><span class='ocrx_word' id='word_1_9' title='bbox 82 388 239 473; x_wconf 82' lang='lat' dir='ltr'>xandriae</span> <span class='ocrx_word' id='word_1_10' title='bbox 247 436 261 478; x_wconf 88' lang='lat'>,</span> <span class='ocrx_word' id='word_1_11' title='bbox 274 391 475 464; x_wconf 83' lang='lat' dir='ltr'>Eustachius</span> <span class='ocrx_word' id='word_1_12' title='bbox 490 391 696 475; x_wconf 78' lang='lat' dir='ltr'>Antiochiae</span> <span class='ocrx_word' id='word_1_13' title='bbox 704 390 934 481; x_wconf 80' lang='lat' dir='ltr'>Patriarchae,</span> 
     </span>
     <span class='ocr_line' id='line_1_4' title="bbox 82 484 933 586; baseline 0.001 -21"><span class='ocrx_word' id='word_1_14' title='bbox 82 491 264 581; x_wconf 77' lang='lat' dir='ltr'>Macarius</span> <span class='ocrx_word' id='word_1_15' title='bbox 323 488 663 586; x_wconf 72' lang='lat' dir='ltr'>Hierosolymorum</span> <span class='ocrx_word' id='word_1_16' title='bbox 709 484 933 586; x_wconf 82' lang='lat' dir='ltr'>Episcopust</span> 
     </span>
     <span class='ocr_line' id='line_1_5' title="bbox 82 585 933 682; baseline -0.006 -15"><span class='ocrx_word' id='word_1_17' title='bbox 82 589 340 667; x_wconf 80' lang='lat' dir='ltr'>Constantinus</span> <span class='ocrx_word' id='word_1_18' title='bbox 365 611 456 661; x_wconf 88' lang='lat' dir='ltr'>veto</span> <span class='ocrx_word' id='word_1_19' title='bbox 472 589 673 682; x_wconf 78' lang='lat' dir='ltr'>Imperator</span> <span class='ocrx_word' id='word_1_20' title='bbox 691 585 813 662; x_wconf 89' lang='lat' dir='ltr'>locum</span> <span class='ocrx_word' id='word_1_21' title='bbox 834 591 933 665; x_wconf 89' lang='lat' dir='ltr'>Con·</span> 
     </span>
     <span class='ocr_line' id='line_1_6' title="bbox 82 683 932 785; baseline -0.004 -20"><span class='ocrx_word' id='word_1_22' title='bbox 82 688 165 765; x_wconf 88' lang='lat' dir='ltr'>tilio</span> <span class='ocrx_word' id='word_1_23' title='bbox 189 685 405 762; x_wconf 87' lang='lat' dir='ltr'>destinatum</span> <span class='ocrx_word' id='word_1_24' title='bbox 430 683 622 784; x_wconf 82' lang='lat' dir='ltr'>ingreffus,</span> <span class='ocrx_word' id='word_1_25' title='bbox 659 685 746 760; x_wconf 89' lang='lat' dir='ltr'>licet</span> <span class='ocrx_word' id='word_1_26' title='bbox 770 708 932 785; x_wconf 83' lang='lat' dir='ltr'><strong>purpura</strong></span> 
     </span>
     <span class='ocr_line' id='line_1_7' title="bbox 82 784 933 884; baseline 0 -23"><span class='ocrx_word' id='word_1_27' title='bbox 82 809 242 884; x_wconf 81' lang='lat' dir='ltr'>tutoque</span> <span class='ocrx_word' id='word_1_28' title='bbox 266 790 437 870; x_wconf 83' lang='lat' dir='ltr'><strong>micaret,</strong></span> <span class='ocrx_word' id='word_1_29' title='bbox 478 784 710 859; x_wconf 88' lang='lat' dir='ltr'>humiliorem</span> <span class='ocrx_word' id='word_1_30' title='bbox 741 802 866 860; x_wconf 87' lang='lat' dir='ltr'>tamen</span> <span class='ocrx_word' id='word_1_31' title='bbox 888 806 933 861; x_wconf 88' lang='lat' dir='ltr'>ac</span> 
     </span>
     <span class='ocr_line' id='line_1_8' title="bbox 81 876 930 982; baseline -0.002 -21"><span class='ocrx_word' id='word_1_32' title='bbox 81 884 172 967; x_wconf 80' lang='lat' dir='ltr'>infra</span> <span class='ocrx_word' id='word_1_33' title='bbox 197 884 390 982; x_wconf 84' lang='lat' dir='ltr'>Episcopos</span> <span class='ocrx_word' id='word_1_34' title='bbox 417 876 566 980; x_wconf 78' lang='lat' dir='ltr'>politam</span> <span class='ocrx_word' id='word_1_35' title='bbox 594 881 735 970; x_wconf 82' lang='lat' dir='ltr'>sedem,</span> <span class='ocrx_word' id='word_1_36' title='bbox 773 909 841 960; x_wconf 81' lang='lat' dir='ltr'>nec</span> <span class='ocrx_word' id='word_1_37' title='bbox 867 886 930 959; x_wconf 85' lang='lat' dir='ltr'>nist</span> 
     </span>
     <span class='ocr_line' id='line_1_9' title="bbox 80 981 930 1082; baseline -0.002 -21"><span class='ocrx_word' id='word_1_38' title='bbox 80 982 132 1061; x_wconf 83' lang='lat' dir='ltr'>his</span> <span class='ocrx_word' id='word_1_39' title='bbox 160 984 432 1067; x_wconf 82' lang='lat' dir='ltr'>annuentibus,</span> <span class='ocrx_word' id='word_1_40' title='bbox 472 981 530 1055; x_wconf 84' lang='lat' dir='ltr'>irbi</span> <span class='ocrx_word' id='word_1_41' title='bbox 562 981 793 1070; x_wconf 85' lang='lat' dir='ltr'>vendicavit,</span> <span class='ocrx_word' id='word_1_42' title='bbox 835 1009 930 1082; x_wconf 80' lang='lat' dir='ltr'>quos</span> 
     </span>
     <span class='ocr_line' id='line_1_10' title="bbox 80 1077 928 1178; baseline 0.001 -21"><span class='ocrx_word' id='word_1_43' title='bbox 80 1084 187 1165; x_wconf 76' lang='lat' dir='ltr'>otiam</span> <span class='ocrx_word' id='word_1_44' title='bbox 214 1083 261 1153; x_wconf 89' lang='lat' dir='ltr'>ad</span> <span class='ocrx_word' id='word_1_45' title='bbox 287 1077 413 1178; x_wconf 84' lang='lat' dir='ltr'>pa&#39;cem</span> <span class='ocrx_word' id='word_1_46' title='bbox 432 1081 468 1154; x_wconf 85' lang='lat' dir='ltr'>dr</span> <span class='ocrx_word' id='word_1_47' title='bbox 485 1082 741 1166; x_wconf 80' lang='lat' dir='ltr'>concordiam,</span> <span class='ocrx_word' id='word_1_48' title='bbox 768 1104 928 1158; x_wconf 84' lang='lat' dir='ltr'>commu·</span> 
     </span>
    </p>
   </div>
   <div class='ocr_carea' id='block_1_3' title="bbox 79 1177 1047 1287">
    <p class='ocr_par' dir='ltr' id='par_1_3' title="bbox 79 1177 1047 1287">
     <span class='ocr_line' id='line_1_11' title="bbox 79 1177 1047 1287; baseline -0.01 -30"><span class='ocrx_word' id='word_1_49' title='bbox 79 1205 197 1287; x_wconf 83' lang='lat' dir='ltr'>neque</span> <span class='ocrx_word' id='word_1_50' title='bbox 233 1181 371 1253; x_wconf 87' lang='lat' dir='ltr'>bonum</span> <span class='ocrx_word' id='word_1_51' title='bbox 405 1177 566 1255; x_wconf 81' lang='lat' dir='ltr'>Ecclefiae</span> <span class='ocrx_word' id='word_1_52' title='bbox 599 1177 761 1251; x_wconf 68' lang='lat' dir='ltr'>strenuev</span> <span class='ocrx_word' id='word_1_53' title='bbox 785 1202 930 1279; x_wconf 52' lang='lat' dir='ltr'>promo*</span> <span class='ocrx_word' id='word_1_54' title='bbox 1043 1244 1047 1255; x_wconf 86' lang='grc'><em>,</em></span> 
     </span>
    </p>
   </div>
   <div class='ocr_carea' id='block_1_4' title="bbox 76 1275 1022 2749">
    <p class='ocr_par' dir='ltr' id='par_1_4' title="bbox 76 1275 1022 2749">
     <span class='ocr_line' id='line_1_12' title="bbox 79 1275 929 1377; baseline -0.005 -20"><span class='ocrx_word' id='word_1_55' title='bbox 79 1282 238 1357; x_wconf 73' lang='lat' dir='ltr'>tendum</span> <span class='ocrx_word' id='word_1_56' title='bbox 271 1278 428 1377; x_wconf 81' lang='lat' dir='ltr'>eleganti</span> <span class='ocrx_word' id='word_1_57' title='bbox 459 1281 627 1352; x_wconf 85' lang='lat' dir='ltr'>oratione</span> <span class='ocrx_word' id='word_1_58' title='bbox 655 1275 766 1353; x_wconf 88' lang='lat' dir='ltr'>latina</span> <span class='ocrx_word' id='word_1_59' title='bbox 801 1283 929 1356; x_wconf 90' lang='lat' dir='ltr'>cohor·</span> 
     </span>
     <span class='ocr_line' id='line_1_13' title="bbox 79 1375 927 1474; baseline -0.004 -19"><span class='ocrx_word' id='word_1_60' title='bbox 79 1396 173 1455; x_wconf 80' lang='lat' dir='ltr'>tatus</span> <span class='ocrx_word' id='word_1_61' title='bbox 201 1375 268 1465; x_wconf 82' lang='lat' dir='ltr'>est,</span> <span class='ocrx_word' id='word_1_62' title='bbox 305 1398 378 1450; x_wconf 89' lang='lat' dir='ltr'>non</span> <span class='ocrx_word' id='word_1_63' title='bbox 405 1395 446 1451; x_wconf 89' lang='lat' dir='ltr'>ut</span> <span class='ocrx_word' id='word_1_64' title='bbox 480 1377 662 1474; x_wconf 75' lang='lat' dir='ltr'>judicem,</span> <span class='ocrx_word' id='word_1_65' title='bbox 699 1378 757 1450; x_wconf 89' lang='lat' dir='ltr'>sed</span> <span class='ocrx_word' id='word_1_66' title='bbox 783 1397 826 1451; x_wconf 90' lang='lat' dir='ltr'>ut</span> <span class='ocrx_word' id='word_1_67' title='bbox 849 1380 927 1453; x_wconf 63' lang='lat' dir='ltr'>Mo*</span> 
     </span>
     <span class='ocr_line' id='line_1_14' title="bbox 80 1473 927 1651; baseline -0.001 -98"><span class='ocrx_word' id='word_1_68' title='bbox 80 1480 284 1651; x_wconf 31' lang='lat' dir='ltr'>latratorem</span> <span class='ocrx_word' id='word_1_69' title='bbox 309 1473 344 1550; x_wconf 86' lang='lat' dir='ltr'>se</span> <span class='ocrx_word' id='word_1_70' title='bbox 363 1473 478 1548; x_wconf 78' lang='lat' dir='ltr'>adello</span> <span class='ocrx_word' id='word_1_71' title='bbox 500 1474 685 1573; x_wconf 55' lang='lat' dir='ltr'>profellusa</span> <span class='ocrx_word' id='word_1_72' title='bbox 736 1478 828 1550; x_wconf 87' lang='lat' dir='ltr'>Duae</span> <span class='ocrx_word' id='word_1_73' title='bbox 853 1500 927 1574; x_wconf 77' lang='lat' dir='ltr'>prae</span> 
     </span>
     <span class='ocr_line' id='line_1_15' title="bbox 79 1570 926 1672; baseline -0.006 -19"><span class='ocrx_word' id='word_1_74' title='bbox 79 1594 114 1653; x_wconf 81' lang='lat' dir='ltr'>te</span> <span class='ocrx_word' id='word_1_75' title='bbox 127 1577 221 1672; x_wconf 83' lang='lat' dir='ltr'>iquis</span> <span class='ocrx_word' id='word_1_76' title='bbox 235 1570 381 1647; x_wconf 86' lang='lat' dir='ltr'>fuerunt</span> <span class='ocrx_word' id='word_1_77' title='bbox 398 1575 648 1649; x_wconf 71' lang='lat' dir='ltr'>controversie</span> <span class='ocrx_word' id='word_1_78' title='bbox 662 1577 704 1655; x_wconf 64' lang='lat' dir='ltr'>in,</span> <span class='ocrx_word' id='word_1_79' title='bbox 714 1573 926 1649; x_wconf 84' lang='lat' dir='ltr'>Concilium</span> 
     </span>
     <span class='ocr_line' id='line_1_16' title="bbox 77 1671 926 1774; baseline 0.001 -27"><span class='ocrx_word' id='word_1_80' title='bbox 77 1673 252 1774; x_wconf 70' lang='lat' dir='ltr'>uddudlart</span> <span class='ocrx_word' id='word_1_81' title='bbox 280 1675 397 1748; x_wconf 82' lang='lat' dir='ltr'>Prima</span> <span class='ocrx_word' id='word_1_82' title='bbox 416 1671 621 1771; x_wconf 79' lang='lat' dir='ltr'>perversum</span> <span class='ocrx_word' id='word_1_83' title='bbox 639 1675 715 1747; x_wconf 84' lang='lat' dir='ltr'>Arii</span> <span class='ocrx_word' id='word_1_84' title='bbox 732 1676 778 1748; x_wconf 88' lang='lat' dir='ltr'>de</span> <span class='ocrx_word' id='word_1_85' title='bbox 799 1674 926 1749; x_wconf 80' lang='lat' dir='ltr'>Verbo</span> 
     </span>
     <span class='ocr_line' id='line_1_17' title="bbox 78 1771 926 1870; baseline 0 -23"><span class='ocrx_word' id='word_1_86' title='bbox 78 1771 211 1847; x_wconf 88' lang='lat' dir='ltr'>Divino</span> <span class='ocrx_word' id='word_1_87' title='bbox 235 1775 392 1870; x_wconf 78' lang='lat' dir='ltr'>dogmat</span> <span class='ocrx_word' id='word_1_88' title='bbox 423 1771 536 1846; x_wconf 85' lang='lat' dir='ltr'>altera</span> <span class='ocrx_word' id='word_1_89' title='bbox 566 1771 804 1847; x_wconf 82' lang='lat' dir='ltr'>Assaticotum</span> <span class='ocrx_word' id='word_1_90' title='bbox 832 1772 926 1848; x_wconf 72' lang='lat' dir='ltr'>seua</span> 
     </span>
     <span class='ocr_line' id='line_1_18' title="bbox 78 1864 924 1967; baseline -0.001 -22"><span class='ocrx_word' id='word_1_91' title='bbox 78 1864 587 1967; x_wconf 79' lang='lat' dir='ltr'>tlrcaPalchacelebrandum.</span> <span class='ocrx_word' id='word_1_92' title='bbox 639 1873 924 1966; x_wconf 82' lang='lat' dir='ltr'>lnprimisAriua</span> 
     </span>
     <span class='ocr_line' id='line_1_19' title="bbox 77 1960 926 2068; baseline -0.006 -23"><span class='ocrx_word' id='word_1_93' title='bbox 77 1960 266 2068; x_wconf 73' lang='lat' dir='ltr'>Presbyter</span> <span class='ocrx_word' id='word_1_94' title='bbox 290 1966 553 2045; x_wconf 85' lang='lat' dir='ltr'>Alexandrinus</span> <span class='ocrx_word' id='word_1_95' title='bbox 582 1991 676 2064; x_wconf 83' lang='lat' dir='ltr'>aegre</span> <span class='ocrx_word' id='word_1_96' title='bbox 702 1968 843 2051; x_wconf 88' lang='lat' dir='ltr'>fetens,</span> <span class='ocrx_word' id='word_1_97' title='bbox 877 1970 926 2040; x_wconf 89' lang='lat' dir='ltr'>ad</span> 
     </span>
     <span class='ocr_line' id='line_1_20' title="bbox 78 2062 922 2143; baseline -0.001 -4"><span class='ocrx_word' id='word_1_98' title='bbox 78 2062 191 2143; x_wconf 83' lang='lat' dir='ltr'>ltdem</span> <span class='ocrx_word' id='word_1_99' title='bbox 219 2064 497 2138; x_wconf 87' lang='lat' dir='ltr'>Patriatchalem</span> <span class='ocrx_word' id='word_1_100' title='bbox 516 2063 762 2135; x_wconf 86' lang='lat' dir='ltr'>Alexandrum</span> <span class='ocrx_word' id='word_1_101' title='bbox 789 2066 922 2139; x_wconf 90' lang='lat' dir='ltr'>Virum</span> 
     </span>
     <span class='ocr_line' id='line_1_21' title="bbox 76 2155 924 2257; baseline 0.013 -32"><span class='ocrx_word' id='word_1_102' title='bbox 76 2160 111 2239; x_wconf 86' lang='lat' dir='ltr'>lu</span> <span class='ocrx_word' id='word_1_103' title='bbox 172 2165 348 2249; x_wconf 84' lang='lat' dir='ltr'>errimum</span> <span class='ocrx_word' id='word_1_104' title='bbox 402 2161 456 2232; x_wconf 87' lang='lat' dir='ltr'>se·</span> <span class='ocrx_word' id='word_1_105' title='bbox 478 2155 709 2257; x_wconf 79' lang='lat' dir='ltr'>praetermilso</span> <span class='ocrx_word' id='word_1_106' title='bbox 754 2158 924 2236; x_wconf 65' lang='lat' dir='ltr'>avellum</span> 
     </span>
     <span class='ocr_line' id='line_1_22' title="bbox 80 2252 1022 2355; baseline 0.004 -25"><span class='ocrx_word' id='word_1_107' title='bbox 80 2258 121 2345; x_wconf 84' lang='lat' dir='ltr'>lnj</span> <span class='ocrx_word' id='word_1_108' title='bbox 148 2288 189 2350; x_wconf 74' lang='lat' dir='ltr'>e,</span> <span class='ocrx_word' id='word_1_109' title='bbox 219 2259 418 2333; x_wconf 88' lang='lat' dir='ltr'>ambitione</span> <span class='ocrx_word' id='word_1_110' title='bbox 434 2278 478 2332; x_wconf 88' lang='lat' dir='ltr'>ac</span> <span class='ocrx_word' id='word_1_111' title='bbox 493 2259 629 2331; x_wconf 89' lang='lat' dir='ltr'>invidia</span> <span class='ocrx_word' id='word_1_112' title='bbox 646 2252 797 2355; x_wconf 82' lang='lat' dir='ltr'>flagrans</span> <span class='ocrx_word' id='word_1_113' title='bbox 810 2282 924 2355; x_wconf 88' lang='lat' dir='ltr'>quum</span> <span class='ocrx_word' id='word_1_114' title='bbox 1019 2269 1022 2273; x_wconf 83' lang='lat'>&#39;</span> 
     </span>
     <span class='ocr_line' id='line_1_23' title="bbox 80 2348 925 2453; baseline -0.006 -16"><span class='ocrx_word' id='word_1_115' title='bbox 80 2348 229 2443; x_wconf 74' lang='lat' dir='ltr'>l’ttsulis</span> <span class='ocrx_word' id='word_1_116' title='bbox 254 2357 360 2450; x_wconf 74' lang='lat' dir='ltr'>huius</span> <span class='ocrx_word' id='word_1_117' title='bbox 385 2359 498 2431; x_wconf 91' lang='lat' dir='ltr'>vitam</span> <span class='ocrx_word' id='word_1_118' title='bbox 525 2381 599 2430; x_wconf 92' lang='lat' dir='ltr'>non</span> <span class='ocrx_word' id='word_1_119' title='bbox 624 2359 759 2453; x_wconf 84' lang='lat' dir='ltr'>pollet,</span> <span class='ocrx_word' id='word_1_120' title='bbox 792 2357 925 2432; x_wconf 69' lang='lat' dir='ltr'>doun«</span> 
     </span>
     <span class='ocr_line' id='line_1_24' title="bbox 76 2448 923 2557; baseline -0.001 -26"><span class='ocrx_word' id='word_1_121' title='bbox 76 2470 154 2557; x_wconf 81' lang='lat' dir='ltr'>¹nom</span> <span class='ocrx_word' id='word_1_122' title='bbox 187 2463 401 2554; x_wconf 76' lang='lat' dir='ltr'>impugnare</span> <span class='ocrx_word' id='word_1_123' title='bbox 432 2448 568 2553; x_wconf 86' lang='lat' dir='ltr'>coepit,</span> <span class='ocrx_word' id='word_1_124' title='bbox 604 2480 646 2529; x_wconf 84' lang='lat' dir='ltr'>ac</span> <span class='ocrx_word' id='word_1_125' title='bbox 673 2457 824 2554; x_wconf 87' lang='lat' dir='ltr'>impium</span> <span class='ocrx_word' id='word_1_126' title='bbox 859 2459 923 2531; x_wconf 80' lang='lat' dir='ltr'>do·</span> 
     </span>
     <span class='ocr_line' id='line_1_25' title="bbox 77 2554 923 2653; baseline 0 -23"><span class='ocrx_word' id='word_1_127' title='bbox 77 2574 155 2653; x_wconf 59' lang='lat' dir='ltr'>una</span> <span class='ocrx_word' id='word_1_128' title='bbox 179 2556 370 2652; x_wconf 84' lang='lat' dir='ltr'>spargere,</span> <span class='ocrx_word' id='word_1_129' title='bbox 397 2554 529 2628; x_wconf 82' lang='lat' dir='ltr'>scilicet</span> <span class='ocrx_word' id='word_1_130' title='bbox 564 2555 632 2628; x_wconf 89' lang='lat' dir='ltr'>Dei</span> <span class='ocrx_word' id='word_1_131' title='bbox 664 2555 788 2627; x_wconf 87' lang='lat' dir='ltr'>Filium</span> <span class='ocrx_word' id='word_1_132' title='bbox 824 2555 923 2630; x_wconf 85' lang='lat' dir='ltr'>baud</span> 
     </span>
     <span class='ocr_line' id='line_1_26' title="bbox 77 2649 919 2749; baseline -0.005 -18"><span class='ocrx_word' id='word_1_133' title='bbox 77 2654 140 2735; x_wconf 75' lang='lat' dir='ltr'>tffe</span> <span class='ocrx_word' id='word_1_134' title='bbox 171 2652 353 2745; x_wconf 61' lang='lat' dir='ltr'>decollatur,</span> <span class='ocrx_word' id='word_1_135' title='bbox 380 2653 417 2723; x_wconf 91' lang='lat' dir='ltr'>id</span> <span class='ocrx_word' id='word_1_136' title='bbox 458 2651 529 2738; x_wconf 86' lang='lat' dir='ltr'>eli,</span> <span class='ocrx_word' id='word_1_137' title='bbox 567 2649 919 2749; x_wconf 64' lang='lat' dir='ltr'>Confirbstuntt&#39;alem,</span> 
     </span>
    </p>
   </div>
   <div class='ocr_carea' id='block_1_5' title="bbox 76 2748 1029 3321">
    <p class='ocr_par' dir='ltr' id='par_1_5' title="bbox 76 2748 1029 3245">
     <span class='ocr_line' id='line_1_27' title="bbox 76 2748 921 2854; baseline 0 -27"><span class='ocrx_word' id='word_1_138' title='bbox 76 2748 128 2833; x_wconf 81' lang='lat' dir='ltr'>lod</span> <span class='ocrx_word' id='word_1_139' title='bbox 163 2778 291 2854; x_wconf 85' lang='lat' dir='ltr'>puram</span> <span class='ocrx_word' id='word_1_140' title='bbox 325 2766 549 2836; x_wconf 74' lang='lat' dir='ltr'>creaturam,</span> <span class='ocrx_word' id='word_1_141' title='bbox 594 2754 770 2849; x_wconf 88' lang='lat' dir='ltr'>Patreque</span> <span class='ocrx_word' id='word_1_142' title='bbox 805 2758 921 2827; x_wconf 85' lang='lat' dir='ltr'>mino·</span> 
     </span>
     <span class='ocr_line' id='line_1_28' title="bbox 76 2849 920 2950; baseline -0.001 -23"><span class='ocrx_word' id='word_1_143' title='bbox 76 2858 160 2937; x_wconf 79' lang='lat' dir='ltr'>lem.</span> <span class='ocrx_word' id='word_1_144' title='bbox 208 2850 385 2927; x_wconf 74' lang='lat' dir='ltr'>Doilrina</span> <span class='ocrx_word' id='word_1_145' title='bbox 410 2853 488 2923; x_wconf 82' lang='lat' dir='ltr'>haec</span> <span class='ocrx_word' id='word_1_146' title='bbox 513 2849 588 2945; x_wconf 85' lang='lat' dir='ltr'>Arii</span> <span class='ocrx_word' id='word_1_147' title='bbox 614 2849 732 2923; x_wconf 85' lang='lat' dir='ltr'>lemen</span> <span class='ocrx_word' id='word_1_148' title='bbox 758 2851 827 2925; x_wconf 83' lang='lat' dir='ltr'>fuit</span> <span class='ocrx_word' id='word_1_149' title='bbox 842 2849 920 2950; x_wconf 82' lang='lat' dir='ltr'>plu·</span> 
     </span>
     <span class='ocr_line' id='line_1_29' title="bbox 76 2947 1029 3046; baseline -0.002 -21"><span class='ocrx_word' id='word_1_150' title='bbox 76 2954 273 3037; x_wconf 77' lang='lat' dir='ltr'>rimarum,</span> <span class='ocrx_word' id='word_1_151' title='bbox 307 2971 387 3046; x_wconf 85' lang='lat' dir='ltr'>quaa</span> <span class='ocrx_word' id='word_1_152' title='bbox 424 2949 551 3025; x_wconf 87' lang='lat' dir='ltr'>orbem</span> <span class='ocrx_word' id='word_1_153' title='bbox 583 2947 816 3022; x_wconf 86' lang='lat' dir='ltr'>Catholicurn</span> <span class='ocrx_word' id='word_1_154' title='bbox 853 2952 917 3024; x_wconf 84' lang='lat' dir='ltr'>diu</span> <span class='ocrx_word' id='word_1_155' title='bbox 1023 2975 1029 2989; x_wconf 62' lang='lat'>¹</span> 
     </span>
     <span class='ocr_line' id='line_1_30' title="bbox 76 3046 918 3145; baseline -0.007 -15"><span class='ocrx_word' id='word_1_156' title='bbox 76 3050 299 3136; x_wconf 80' lang='lat' dir='ltr'>rfflixerunt,·</span> <span class='ocrx_word' id='word_1_157' title='bbox 320 3048 581 3121; x_wconf 76' lang='lat' dir='ltr'>calamitatum</span> <span class='ocrx_word' id='word_1_158' title='bbox 654 3048 749 3145; x_wconf 89' lang='lat' dir='ltr'>Nam</span> <span class='ocrx_word' id='word_1_159' title='bbox 777 3046 918 3124; x_wconf 71' lang='lat' dir='ltr'>sceleris</span> 
     </span>
     <span class='ocr_line' id='line_1_31' title="bbox 76 3144 990 3245; baseline -0.011 -12"><span class='ocrx_word' id='word_1_160' title='bbox 76 3168 108 3233; x_wconf 73' lang='lat' dir='ltr'>le</span> <span class='ocrx_word' id='word_1_161' title='bbox 132 3151 267 3229; x_wconf 78' lang='lat' dir='ltr'>erroris</span> <span class='ocrx_word' id='word_1_162' title='bbox 297 3147 410 3224; x_wconf 81' lang='lat' dir='ltr'>socios</span> <span class='ocrx_word' id='word_1_163' title='bbox 442 3144 566 3223; x_wconf 64' lang='lat' dir='ltr'>notius</span> <span class='ocrx_word' id='word_1_164' title='bbox 602 3146 689 3221; x_wconf 88' lang='lat' dir='ltr'>dum</span> <span class='ocrx_word' id='word_1_165' title='bbox 713 3147 753 3221; x_wconf 90' lang='lat' dir='ltr'>in</span> <span class='ocrx_word' id='word_1_166' title='bbox 780 3145 918 3245; x_wconf 84' lang='lat' dir='ltr'>synodo</span> <span class='ocrx_word' id='word_1_167' title='bbox 987 3218 990 3222; x_wconf 82' lang='grc'><em>,</em></span> 
     </span>
    </p>

    <p class='ocr_par' dir='ltr' id='par_1_6' title="bbox 834 3260 917 3321">
     <span class='ocr_line' id='line_1_32' title="bbox 834 3260 917 3321; baseline -0.024 0"><span class='ocrx_word' id='word_1_168' title='bbox 834 3260 917 3321; x_wconf 75' lang='lat' dir='ltr'>cen·</span> 
     </span>
    </p>
   </div>
   <div class='ocr_carea' id='block_1_6' title="bbox 0 0 1058 3698">
    <p class='ocr_par' dir='ltr' id='par_1_7' title="bbox 0 0 1058 3698">
     <span class='ocr_line' id='line_1_33' title="bbox 0 0 1058 3698; baseline 0 3"><span class='ocrx_word' id='word_1_169' title='bbox 0 0 1058 3698; x_wconf 95' lang='lat' dir='ltr'> </span> 
     </span>
    </p>
   </div>
  </div>
 </body>
</html>
