2108 3698
155 186 406 300 Utenlogias.
423 187 633 275 audioritas
654 186 706 282 ἔθ’
720 189 831 276 ratio.
863 184 940 303 131
961 164 964 169 ⁵

92 338 362 426 controversia,
396 360 477 436 que
508 333 605 411 inter
638 336 758 436 piures
792 339 855 411 diu
887 340 944 412 ab·

91 434 163 511 effe
201 453 409 536 nequeunt,
451 436 489 511 dt
525 435 796 511 communitatis
828 435 946 530 cujus·

92 544 397 632 cunquecorpus
427 534 532 611 velut
561 536 689 608 umbra
720 535 945 634 sequuntur,

91 634 307 709 decidantur
332 634 370 708 δι
397 631 585 721 finiantur,
619 656 666 705 ne
690 630 755 707 fint
779 652 945 722 aeternae,

90 752 156 807 aut
183 735 311 830 quovis
339 751 460 827 partes
485 729 613 822 judicis
637 731 697 803 fibi
722 733 945 806 vendicante

91 836 174 907 to'ta
197 829 398 930 respublica
425 829 600 1001 susdefflue
625 844 799 904 vertatur.
861 832 946 904 Hoc

89 928 152 1013 vei
162 933 320 1003 maxime
335 927 414 1003 fieri
429 951 518 1004 nece
548 926 627 1002 eest
639 929 677 1001 in
694 952 736 1001 ea
754 928 946 1003 hominum

90 1026 292 1112 socictate,
328 1049 408 1125 quae
438 1050 513 1101 non
550 1027 806 1124 temporariam
834 1051 947 1126 quan·
1043 1054 1046 1059 ¹

90 1130 198 1212 dam,
232 1125 290 1198 sed
323 1145 494 1200 aternam
528 1123 739 1201 felicitatem
772 1149 839 1222 pro
875 1125 947 1221 fine

90 1224 154 1301 iibi
180 1222 326 1327 praefixn
351 1225 478 1311 habet,
511 1225 549 1299 δι
572 1226 633 1297 ubi
662 1246 737 1299 nan
762 1223 946 1300 debono·

89 1326 174 1401 cum
202 1323 376 1411 fortune,
405 1322 462 1397 sed
494 1325 621 1419 animae
653 1320 947 1399 immortalis'ac
985 1359 992 1367 ·

92 1422 214 1501 salutis
238 1422 459 1520 sempiternae
479 1420 684 1517 jadiurarea
701 1423 831 1521 agitur.
857 1420 948 1495 Haec

91 1521 223 1597 evitari
248 1523 395 1618 nequit,
421 1518 564 1595 necilie
585 1522 723 1611 dequo
745 1520 838 1606 dixi,
864 1518 959 1592 finis

76 1614 254 1711 ,obtineri
279 1619 395 1717 potest
421 1615 493 1692 fine
519 1617 610 1707 fide,
630 1618 709 1716 stne
727 1633 797 1721 'qun
825 1619 950 1718 impos·

81 1712 192 1817 fibile
216 1718 262 1811 est
278 1717 418 1816 placere
443 1715 520 1792 Deo
543 1716 617 1816 (p).
699 1720 797 1795 Fidei
822 1738 948 1792 autem

91 1816 223 1891 nostre
246 1817 408 1911 mysteria
430 1816 509 1891 sunt
535 1818 683 1899 obscura
708 1841 776 1892 nec
802 1816 950 1894 eviden·

91 1914 171 2001 tia,
196 1914 252 1988 sed
280 1915 350 1990 iola
376 1917 551 1989 duntaxat
576 1918 646 1988 Dei
672 1915 881 2002 revelantis,
909 1914 949 1989 &

89 2009 256 2089 Ecciefiae
282 2013 351 2086 five
387 2012 576 2106 scripturas
612 2010 701 2106 ipsas
732 2011 803 2085 five
834 2011 950 2108 legiti-

88 2108 196 2187 mum
224 2133 347 2182 earum
374 2107 508 2180 sensum
537 2107 773 2205 proponentis
799 2105 949 2180 tutiori·

84 2222 172 2283 ¹tate
199 2206 301 2279 credi
326 2203 488 2303 possunt:
517 2228 609 2302 opus
631 2206 741 2304 igitur
765 2202 818 2299 eii.
841 2206 951 2277 tribu·

93 2305 165 2385 nan
192 2305 360 2402 supremo
373 2350 385 2391 ,
410 2304 456 2378 ad
474 2305 572 2404 quod
595 2320 729 2378 exortoe
749 2321 827 2376 tum
854 2303 951 2377 circa

87 2404 320 2504 ¹scripturam
360 2403 511 2504 ejusque
545 2402 708 2491 sensum,
742 2421 821 2476 tum
854 2401 952 2476 circa

88 2508 154 2583 [τος
197 2504 420 2590 credendas,
473 2524 666 2600 moresque
700 2499 951 2575 informandus

91 2598 195 2689 fitius¹
213 2603 249 2674 δι
288 2601 537 2675 controuerfiae
570 2599 798 2688 deferantur,
838 2598 876 2672 dt
907 2596 950 2670 in
1023 2656 1031 2673 t

93 2696 434 2797 quodefiniantura
460 2722 551 2797 opus
578 2697 627 2774 est
650 2699 813 2795 judicio,
848 2695 949 2793 quod

93 2798 212 2875 errori
237 2792 310 2871 non
342 2795 383 2870 fit
413 2799 632 2891 obnoxium,
670 2828 787 2903 quum
822 2822 951 2902 agetur

94 2896 144 2983 de
162 2897 269 2970 rebus
287 2894 465 2990 ejusmodi
475 2945 489 2986 ,
517 2898 554 2971 in
567 2901 697 2998 quibus
712 2926 813 2979 error
829 2925 952 2976 emen·
1042 2916 1050 2921 '

77 2996 176 3069 'dari
204 2996 349 3092 nequit,
378 2996 415 3070 &
440 3020 560 3077 errare
586 2997 635 3071 est
659 3020 832 3077 aeternum
858 3000 952 3099 peri·

94 3114 165 3183 τις
191 3115 309 3191 neque
346 3094 431 3168 alias
464 3119 625 3195 unquam
655 3095 831 3190 judicium
855 3101 949 3267 boen,

573 3238 576 3243 ·
884 3221 921 3270 m

138 3301 193 3389 n>
214 3290 258 3365 aa
275 3245 368 3377 Han.
387 3320 439 3375 ιι.
600 3289 665 3369 12
