2108 3698
157 171 241 264 134
272 147 364 264 cap.
382 147 456 234 111.
485 145 590 237 Duae
604 73 855 237 tolumnae'ot
877 143 974 268 boses
1042 172 1044 227 :

158 299 260 374 cleia
285 315 456 394 tanquam
484 299 621 396 grande
660 298 948 412 corpus,·quod
975 294 1003 371 se

96 398 99 415 '
157 421 224 498 per
249 415 368 470 totum
394 415 571 468 terrarum
592 396 717 470 orbem
744 398 908 495 porrigit.
939 398 1003 470 Ne·

158 520 232 588 que
256 480 417 571 Christus
443 494 480 567 in
506 493 708 580 Coneiiiis,
735 493 792 567 sed
819 494 856 568 in
890 493 1002 569 Eccle-

123 588 127 597 Ι
159 595 205 671 iia
231 593 310 677 sua,
336 593 464 687 utique
497 592 667 689 dispersa,
701 588 888 668 constituit
911 600 1000 689 Apo

131 684 288 778 dolos,
315 706 357 761 ut
382 710 511 860 regant
535 690 714 765 subditum
742 691 800 764 irbi
827 714 1001 790 gregemr

75 842 79 847 ·
155 790 282 869 Ponit
315 810 378 860 uos

157 786 262 964 Εσζῖθ
275 910 345 961 mm
362 870 437 960 Dei
451 887 528 984 (r),
542 962 545 966 ,
561 885 751 984 iuffitque,
784 906 826 961 ut
849 890 946 977 irent
970 890 1012 961 iu·

93 1074 95 1079 Ι
155 987 363 1061 universum
402 987 600 1073 mundum,
642 986 679 1060 dt
715 1009 844 1060 omnes
881 1006 1002 1082 gentes

428 790 573 886 piritus
610 787 646 862 S.
668 786 856 888 Episcopus
889 813 1002 891 regere

154 1085 343 1162 docerent.
398 1085 457 1158 Ad
483 1085 582 1183 quod
615 1083 849 1169 ministerium
884 1088 1005 1158 hume»

154 1186 203 1261 tis
229 1182 296 1257 suis
323 1182 546 1283 impofitum‘,
573 1200 615 1256 ut
639 1185 707 1257 rite
730 1182 791 1257 illo
816 1183 1000 1280 fungerer·

60 1324 63 1329 ·
155 1301 237 1372 tur,
263 1281 322 1358 vel
348 1284 505 1358 maxime
535 1306 628 1379 opus
661 1283 861 1370 habebant,
893 1303 938 1356 ut
962 1282 998 1354 ab

154 1383 256 1457 omni
297 1386 429 1458 erroris
470 1379 671 1455 discrimine
714 1403 998 1469 removerentur.

155 1484 288 1579 Neque
313 1500 389 1555 tam
414 1476 529 1554 facilis
560 1480 678 1553 aditus
713 1480 762 1551 est
796 1479 843 1551 ad
877 1480 999 1556 Conci·

153 1578 225 1663 iia,
252 1577 656 1663 needieiuniusiabor,
682 1601 726 1650 ex
741 1576 882 1652 ultimis
894 1580 996 1653 eriam

154 1679 253 1751 orbis
275 1680 435 1774 partibus
457 1695 516 1750 tot
533 1675 788 1774 Episcoporum
806 1699 851 1750 ac
872 1675 1000 1751 Doiio

153 1799 237 1850 rum
254 1774 414 1850 Ecclesiae
439 1776 600 1848 senatum
625 1772 891 1875 cogereafquin
918 1775 1000 1870 sape

47 1898 52 1903 ·
154 1896 367 1970 necoperae
391 1876 561 1973 pretium.
637 1873 751 1953 Certe
779 1893 865 1947 ante
892 1876 1001 1947 Nice·

152 1998 263 2059 uum,
293 1969 492 2070 quod'fuit
524 1971 815 2048 Oecumenicum
851 1969 1002 2068 primurn
1041 1978 1044 2015 ¹

153 2097 211 2147 an.
233 2092 314 2162 325.
339 2069 463 2146 muitae
485 2069 646 2144 -haereses
682 2070 860 2144 damnate
887 2064 1000 2167 probi-

152 2189 244 2268 gatae
271 2192 318 2243 ue
349 2167 498 2243 fuerunt
524 2169 595 2243 sine
621 2167 808 2261 Conciliis.
836 2244 841 2253 Ι
864 2174 1002 2266 Aperte

152 2269 189 2341 id
215 2195 363 2341 nitatur
393 2269 440 2341 D.
453 2265 672 2364 Augustinus
698 2266 775 2364 (s),
815 2266 877 2340 ubi
911 2263 1003 2340 Pelt-

151 2366 266 2462 gianis
302 2365 608 2448 tumultuantibus
646 2365 685 2438 dt
715 2364 761 2438 ad
793 2363 1004 2440 Concilium

152 2463 336 2556 Generaie
369 2462 652 2557 provocantibus
692 2463 744 2536 ita
777 2463 1003 2559 respondet:

150 2568 179 2653 „
204 2567 281 2636 Aut
308 2583 397 2635 vero
431 2561 877 2658 congregationefsynodi
912 2582 1002 2659 opus

151 2708 180 2751 „
205 2680 304 2745 erar,
332 2677 373 2728 ut
397 2677 520 2754 aperta
540 2661 718 2754 pernicies
743 2662 979 2733 damnaretur
988 2680 1001 2746 3

151 2805 179 2849 „
206 2757 299 2853 quafi
325 2752 428 2855 nulla
447 2756 585 2830 haeresrs
611 2753 828 2854 aliquando,
868 2754 931 2830 nifi
955 2756 1001 2855 sy·

120 2941 122 2947 .
149 2868 179 2947 ,“·,
205 2853 291 2926 nodi
307 2856 589 2951 congregatione
606 2856 775 2928 damnata
796 2855 857 2944 fit3
891 2878 999 2952 quum

147 2952 327 3051 „potius
360 2950 538 3026 rariffimae
571 2951 826 3042 inveniantur,
853 2972 999 3052 propter

23 3045 27 3051 ”
122 3078 176 3177 Ἀ»
202 3070 290 3149 quas
316 3051 537 3127 damnandas·
563 3052 644 3126 talis
667 3049 854 3127 neceffitas
878 3052 1019 3126 excite*

889 3198 920 3240 „·
942 3151 995 3238 rit,

188 3273 235 3356 dr)
257 3262 331 3337 Ati.
352 3286 405 3336 πο.
449 3264 501 3354 (a)
520 3256 544 3332 l.
564 3283 596 3350 4.
619 3255 663 3337 ad.
670 3261 862 3356 Boniflrcr'um
878 3256 967 3334 nult.

1038 236 1044 293 i

1040 312 1044 431 i
