2108 3698
156 133 244 236 3‘18
372 124 384 173 ·'
487 119 682 237 CapalX.

80 330 83 337 .
156 269 385 370 suppeditare
400 268 582 346 dobrinas
600 287 679 344 turn
698 270 743 344 ad
758 272 921 368 Regum,
938 254 1014 348 l’rtss

155 373 280 470 cipum
303 389 346 444 ac
360 369 725 465 Rerumpublicarurn
744 371 1011 447 controversias

155 472 194 545 ἂ
216 469 297 542 lites
312 469 557 569 decidendas:
584 487 662 541 tum
681 469 726 541 ad
755 467 860 556 belli,
890 471 1010 568 pacis,
1036 491 1038 494 ·

150 592 201 644 ac
220 567 404 642 foederam
425 570 585 641 rationes
603 568 898 663 componendas:
921 570 1011 667 quin

43 698 47 703 ¹
153 669 266 743 ‘etiarn
295 666 341 738 ad
370 665 566 740 honestatis
592 687 637 738 ac
663 661 830 739 utilitatis
854 663 944 741 fines
971 669 1012 743 in

153 767 346 842 bominum
363 763 536 838 societate
553 763 771 838 statuendos.
822 764 903 839 Nec
921 760 1011 839 diffi-

74 900 76 904 ·
153 885 279 942 tentur
305 865 378 939 hoc
411 838 537 936 rfatres
568 883 612 935 at
645 857 848 961 Theolpgi,
875 862 1011 964 aliique

151 955 400 1065 jurisconsulti
427 963 541 1059 probe
565 961 763 1037 Catholici.
820 961 1010 1037 Simulta-

150 1086 239 1138 men
264 1074 338 1134 uno
368 1058 531 1133 fatentur
561 1081 649 1147 ore,
677 1059 773 1134 ultra
806 1060 1009 1137 naturalem

18 1154 23 1165 '
150 1155 282 1236 ilatum
309 1160 449 1234 homini
475 1156 665 1233 christiano
698 1160 1008 1258 progrediendum

149 1250 243 1359 elle,
270 1273 313 1332 ur
329 1258 415 1354 quid
431 1250 477 1330 ad
496 1249 665 1331 ultimum
681 1255 791 1331 finem
805 1280 1008 1357 veramque

148 1359 384 1444 felicitatem,
416 1356 505 1453 quid
530 1355 575 1428 ad
595 1370 740 1430 morum
765 1357 1004 1456 honestatem,

149 1460 239 1556 quid
260 1458 306 1529 ad
328 1456 506 1529 virtutum
519 1457 555 1528 br
578 1458 752 1530 vitiorum
769 1473 938 1530 naturam
953 1454 1006 1531 ¹ae

50 1595 52 1599 ·
151 1551 402 1632 conditionem
413 1553 551 1628 necesse
563 1555 616 1642 stt,
641 1555 738 1654 exiis
751 1573 831 1650 qua
844 1556 1005 1630 inlivan·

147 1656 244 1757 gello
269 1649 430 1727 revelata
456 1654 565 1726 nobis
588 1653 687 1740 sunt,
714 1647 845 1744 discat,
870 1676 913 1727 ac
937 1655 1003 1745 do·

150 1772 245 1837 teat.
312 1743 396 1825 Hoc
429 1749 544 1848 ipsum
576 1753 691 1850 probe
722 1753 876 1850 agnovlt
908 1751 998 1828 Gto

146 1855 239 1940 tius,
264 1865 307 1923 ut
331 1838 467 1922 dicrum
494 1849 556 1923 eli·
608 1853 679 1926 Sed
706 1869 860 1950 nepotes
885 1871 1004 1927 atan-
1043 1875 1046 1884 ¹

138 1954 176 2027 tl
201 1949 359 2048 parantis
406 1940 569 2049 dollriqa
597 1948 707 2024 brevi
747 1949 851 2024 velut
885 1947 1004 2048 ruptis

144 2043 354 2126 carceribus
379 2047 416 2120 in
441 2049 522 2122 avia
547 2049 585 2124 br
611 2051 717 2125 devia
742 2048 822 2124 sunt
847 2049 1005 2150 abrepti,

35 2166 46 2172 ·
145 2150 210 2247 qui
235 2149 281 2219 ad
297 2146 427 2221 statum
445 2163 551 2247 parce
574 2164 735 2238 nattum,
760 2166 1003 2247 quemnemo

143 2242 338 2320 bominum
358 2246 475 2331 vidit,
502 2271 548 2321 eo
572 2251 705 2344 inquo
732 2247 915 2322 versamur
941 2269 1003 2321 ne·

141 2335 261 2517 plebio
287 2342 422 2441 ubique
446 2334 648 2443 adpellant,
676 2347 714 2420 ἃ·
730 2361 775 2418 ex
797 2345 884 2434 illo,
910 2338 1001 2442 qaid

86 2516 89 2523 .
136 2445 285 2517 icitum
312 2441 370 2531 stt,
399 2442 485 2540 quid
503 2439 690 2530 illicitum,
716 2443 912 2518 dicendum
928 2438 1001 2519 ell‘e

81 2532 113 2576 ’·
141 2539 398 2642 pronunciant.
448 2538 578 2613 Parum
605 2540 702 2615 hott
735 2541 835 2614 libris
862 2541 932 2618 luis
949 2558 1000 2619 ac

30 2640 38 2653 ’
141 2641 435 2722 commentariis,
486 2637 523 2709 ui
541 2639 641 2734 quoti
655 2640 807 2725 mirere,
836 2655 999 2738 petrns·

139 2755 210 2826 ,bus
249 2738 360 2812 etlam
397 2661 680 2817 ,carbolicorum
717 2732 869 2834 impune
907 2737 1035 2823 rolla„

34 2874 37 2879 ·
139 2854 245 2923 tant,
270 2822 471 2908 immiscent
503 2831 562 2908 lea
593 2836 677 2911 data
710 2834 878 2926 lebiton
911 2828 999 2915 dati

138 2928 329 3047 becailprle
358 2949 489 3104 {taves
522 2923 743 3009 calumniati
788 2928 998 3013 Eccleiiasti·

119 3029 809 3211 Jtilioli⁸0ium¹¹is¹2⁹vsl¹iissmaapipae
826 3057 886 3210 i*
913 3027 993 3208 ‘ll

158 3236 161 3241 ,
282 3153 307 3232 b
762 3160 834 3214 omr
863 3157 902 3213 es
944 3234 991 3313 ci·

940 3508 948 3517 ’
992 3534 1021 3572 x
