2100 3698
143 168 409 279 ‘Th'eologim
429 163 638 254 auctoritas
655 166 709 261 ἔθ’
718 167 832 257 ratio.-
861 192 945 279 233

91 340 183 406 tur,
215 318 417 395 al'atribua
444 317 483 390 dr
508 314 686 391 Conciliis
717 310 944 415 proponitur,

78 446 120 497 ι
144 416 344 517 Theologis
376 417 553 503 docetur,
588 432 715 488 atoto
747 414 825 488 scre
858 414 948 489 orbe

97 516 297 595 catholico
322 535 449 589 contra
473 534 609 610 patruos
633 532 882 615 propugnatur
905 534 951 585 ao

99 617 275 695 creditur.
327 609 479 709 Qrodsr-
498 613 748 685 commentitia
785 633 950 706 vanaque

99 715 274 811 opinione
299 713 371 785 hoc
396 710 499 805 Papae
526 708 752 805 privilegium
767 706 952 807 Theologi

100 810 352 897 adsetnilieot,
394 825 570 882 nontam
602 805 732 881 nabilis
775 809 951 883 sententie

100 912 182 985 lraec
206 926 456 1007 permaneret,
482 928 550 980 nec
572 903 950 980 confirmatorur‘diu·

102 1011 278 1084 nrroitate
303 1006 500 1102 temporis,
526 1026 596 1077 nec
619 1026 692 1077 uua
717 1028 800 1078 cum
826 1004 953 1079 seculis

102 1106 341 1221 cratibusque
359 1104 549 1177 hominum
566 1098 815 1190 inveterasset3
831 1126 952 1202 quam·

102 1207 158 1281 vis
185 1204 291 1279 fateri
317 1220 506 1299 oporteat,
534 1201 645 1289 hanc,
669 1225 777 1299 quam
804 1203 875 1276 hoc
902 1202 953 1279 lo·

99 1314 148 1390 *eo
173 1301 432 1378 discutiendam
450 1297 605 1395 suscepi,
631 1298 861 1395 questionem
877 1325 953 1377 noo

104 1399 175 1479 esse
209 1399 294 1474 fidei
326 1397 576 1490 questionibus
622 1398 954 1489 adnumerandam,

102 1520 146 1593 ut
165 1501 317 1598 -quidam
333 1494 546 1571 heterodoxi
563 1496 609 1568 ad
623 1496 797 1575 invidiam
822 1496 955 1575 sacien-

102 1602 188 1677 dam
212 1619 403 1701 perperam
430 1593 619 1689 objiciunt.

386 1762 388 1769 ·
427 1759 625 1869 xxxvrr.

152 1893 226 1970 Sed
250 1890 469 1967 accedamus'
488 1893 602 1966 modo
627 1893 673 1969 ad
699 1916 807 1977 eam,
847 1918 956 1993 quam

105 1989 271 2071 nonnulli
297 1989 519 2063 fabricarunt
537 1990 574 2059 io
598 1988 749 2062 cerebro
775 1978 856 2078 suo,
882 1992 979 2087 opi·

105 2096 276 2178 trionem,
303 2110 373 2182 qua
398 2080 611 2174 Pontificem
637 2084 843 2161 aConcilio
873 2087 958 2163 uni·

106 2185 260 2271 versali,
285 2203 350 2257 aut
368 2179 724 2281 certepnrticnlori,
743 2182 803 2260 vel
828 2211 848 2260 a
865 2189 958 2265 Sede

106 2290 274 2367 Romana
299 2282 479 2379 separant,
504 2282 628 2378 itaque
652 2278 874 2382 segregatum
900 2312 960 2365 ne·

107 2405 198 2491 gant
222 2381 291 2458 elie
316 2382 447 2456 erroris
473 2398 673 2478 expertem.
731 2387 791 2457 Ad
817 2403 959 2460 utrumn

107 2508 181 2583 que
207 2480 306 2579 quod
332 2480 494 2566 adtinet,
529 2479 567 2554 ἃ
590 2487 705 2566 ratio,
732 2483 770 2556 δε
795 2482 895 2571 usus,
921 2486 960 2563 or

57 2592 64 2665 ζ
109 2578 334 2681 experientia
356 2575 578 2663 reclamant,
602 2598 711 2673 atque
738 2579 962 2678 ips-opinio

109 2684 147 2757 ni
178 2679 288 2771 hujus
320 2673 463 2771 patroni
493 2675 531 2745 in
562 2679 680 2768 primo
719 2675 835 2752 statim
870 2679 960 2757 limi

57 2786 64 2797 '
110 2802 158 2857 ne
180 2779 342 2860 herent,
376 2793 418 2847 ac
439 2771 593 2845 diversas
611 2775 649 2845 in
670 2794 790 2866 partes
808 2777 952 2859 abeunt.

112 2880 224 2968 Sunt,
252 2873 314 2973 qui
345 2865 529 2945 Pontificis
559 2869 734 2961 judicium
767 2892 857 2951 tunc
885 2877 960 2957 salli

112 2974 153 3051 dr
175 2970 300 3048 fallere
316 2966 475 3043 nescium
494 2963 564 3040 elle
581 2972 826 3061 contendunt,
851 2976 958 3072 quan·

112 3074 161 3148 do
186 3071 327 3148 accedit
351 3064 510 3144 Ecclesiae
542 3065 751 3156 consensus,
781 3075 867 3171 quio
893 3076 959 3159 cia.

113 3178 252 3253 riorum
285 3162 457 3245 doditloae
487 3163 556 3239 suae
590 3169 768 3247 rationem
808 3172 961 3253 redden

482 3346 484 3351 .
540 3264 617 3363 [²5
732 3348 735 3359 ,
829 3270 974 3351 uelim,

345 3608 451 3642 .-
623 3600 813 3642 hur.-
