2108 3698
116 138 202 253 33⁶
446 128 537 244 Cap.
568 126 657 217 IX.'

113 309 226 384 quam
251 275 406 359 funestas
431 276 468 353 in
487 277 686 363 Germania
711 276 749 352 &
773 274 877 356 italia
901 300 971 379 per

113 384 296 460 Henricos
321 380 359 454 &
382 379 580 453 Fridericos
614 379 811 478 tragoedias
833 383 982 457 arcia..

113 485 164 559 rit
188 482 367 558 sacrorum
394 496 521 551 contra
544 476 601 569 jus
626 477 829 565 usurpatio:
854 480 972 557 nemi·

113 604 199 656 nem
225 577 334 663 latet,
363 578 457 649 hanc
480 572 581 648 foisse
615 571 837 673 potiffimum
862 598 968 655 caum

101 681 186 765 ¹sam
212 672 444 761 defestionis,
471 673 635 761 haerefis,
662 674 976 770 perturbationis‚'

111 800 157 853 nc
194 769 484 876 graviffimotum
526 770 705 848 bellorum
744 795 810 868 per
847 774 968 853 ioculo

110 874 195 977 plus
222 894 341 972 qoam
355 872 429 945 duo
454 871 493 944 in
523 871 701 969 Imperio,
736 872 775 946 ἃ
797 866 966 951 nobiiiffi·

39 969 42 975 ’
109 996 173 1050 ma
206 971 354 1045 natione
379 968 617 1057 Germanica,
651 971 796 1066 quando
829 972 966 1049 L'utho·

106 1068 195 1160 τῆς,
220 1088 264 1143 ut
287 1065 432 1162 οδῑεὲὶο
462 1065 546 1142 boio
573 1064 799 1166 pinguisiimo
832 1066 964 1146 ine'ica·

106 1188 169 1247 ret
194 1167 402 1265 Principum
427 1165 591 1255 animos,
618 1165 654 1238 in
680 1167 877 1265 Papam&
902 1170 964 1245 Sa·

107 1267 337 1351 caetdotiurn
370 1260 578 1350 insurrexit,
613 1286 835 1364 omnemque
859 1287 963 1365 poto·

109 1362 240 1443 statem
267 1366 304 1441 in
336 1360 453 1449 sacra,
488 1361 525 1434 in
560 1361 662 1456 jora,
705 1367 740 1436 in
772 1368 869 1439 bona
898 1367 961 1441 Ec·

65 1532 67 1537 ,
108 1462 220 1540 olestae
241 1463 368 1537 iisdem
390 1458 631 1557 adjudicavit,
656 1463 705 1534 ita
723 1462 778 1537 uti
800 1462 823 1535 st
847 1484 966 1559 penca.

31 1560 34 1567 '
105 1561 224 1660 ipsum
249 1555 413 1647 stetisset,
449 1568 569 1633 totum
599 1561 646 1632 D.
665 1560 759 1634 Petri
789 1558 958 1660 patrimo·

102 1662 209 1736 nium
234 1659 485 1732 devorandum
507 1655 745 1734 conceffiiiet:
771 1660 958 1751 neminem

104 1758 224 1844 latet,
249 1774 384 1853 quanta
398 1754 590 1844 felicitate,
616 1750 733 1854 quam'
748 1756 868 1855 ampla
892 1759 961 1833 do·

103 1855 309 1935 minatione
334 1872 499 1941 terrena,
536 1877 644 1952 quam
669 1855 959 1951 copioio'foeno·

104 1968 148 2031 re
169 1951 306 2029 coelesti
331 1950 467 2026 fuerint
492 1952 668 2026 cumulati
705 1955 890 2054 Principes
912 1957 971 2043 io

100 2054 228 2131 Deum
260 2052 298 2127 &
330 2050 520 2126 Ecclesiam
552 2046 800 2142 liberaliffimi,
838 2052 877 2127 δι
898 2051 958 2149 ,jo-

101 2153 202 2231 rium
226 2147 408 2226 sacrorum
429 2174 502 2227 non
519 2149 620 2225 secus
640 2175 684 2225 ac
710 2153 962 2245 i'uoronmin·¹

103 2249 205 2324 dices
247 2270 291 2322 ac
326 2248 554 2334 defensores,
603 2248 881 2324 Constantinus·
899 2251 958 2327 Ma

23 2378 27 2385 ·
101 2344 259 2423 Carolus
268 2347 319 2421 M.
336 2347 530 2422 Lotharius
550 2344 657 2431 Pius,
684 2348 865 2421 Henricus
883 2348 957 2425 ian·

102 2443 271 2521 ἃιιεδιο.
320 2448 414 2546 Qis
447 2442 517 2528 est,
550 2446 610 2538 oui
645 2467 720 2517 non
752 2447 954 2548 intelligat,

101 2562 239 2644 quanta
273 2568 396 2620 rerum
421 2541 735 2616 &dominiorum
769 2548 954 2642 perturba·

99 2644 157 2718 tio
181 2644 359 2730 oriretur,
385 2638 408 2710 st
432 2632 555 2733 paffim
582 2639 764 2737 Principes
792 2652 891 2719 omia
912 2644 954 2719 in

98 2739 250 2819 alterius
274 2741 353 2831 jora
375 2734 586 2812 involaret?
612 2741 650 2813 δι
675 2762 754 2837 qoae
779 2764 855 2817 non
881 2764 953 2817 mo·

98 2836 135 2917 ia
157 2830 359 2941 grovissima
393 2834 492 2907 oriri·
511 2835 650 2911 neceiie
682 2839 753 2924 est,
790 2839 814 2911 fi
855 2839 954 2918 sacra

99 2935 280 3041 profanis,
319 2933 358 3008 δι
390 2931 542 3033 profana
580 2933 682 3010 sacris
713 2937 952 3025 misceantur,

96 3051 250 3111 tanton
280 3029 315 3104 se
347 3035 505 3108 invicem
538 3032 730 3110 intervallo
765 3034 956 3133 sejunmr

66 3131 283 3229 iimmot,
308 3155 399 3234 gem
429 3128 454 3215 ti
485 3151 566 3237 quar
597 3130 664 3240 alia
696 3134 789 3217 brot
822 3138 953 3239 guber·
