2108 3698
158 149 241 233 160
256 89 364 260 'can
383 138 456 229 nr.
488 142 592 231 nuae
610 119 799 231 numm
819 170 863 231 ac
878 136 978 267 riser

156 314 304 369 centum
330 278 586 390 Episcoporum
612 294 656 364 ab
689 291 899 369 Alexandro
928 318 1003 368 coa·

155 393 210 467 cia
237 396 445 477 damnatur,
492 389 563 486 ipse
596 391 702 465 aliam
736 389 804 463 suae
840 390 1003 466 faeh'onis

154 496 192 568 in
218 486 381 589 Bythinia
413 508 671 589 congregatam
706 489 896 586 uppusuit,
931 491 1003 589 post
1044 568 1046 579 ,

155 616 265 691 quam
291 591 429 686 magnis
455 587 557 660 auria
584 588 633 660 est
658 589 894 663 incrementis
909 592 1003 664 Aria·
1044 630 1046 653 =

152 716 199 763 na
222 685 371 761 haerefis.
440 685 595 763 Acceffir
621 687 707 759 huic
730 687 827 760 malo
852 687 1004 770 aiterum
1044 780 1046 785 Ι

112 810 115 814 ·
154 790 412 870 inveteratum,
438 783 569 858 scilicet
586 785 734 858 schisma
752 787 1002 861 ortumai'rae·
1044 812 1046 831 ¹

155 886 286 959 suiibus
312 883 493 969 Afiaricis,
521 884 642 980 saepius
659 884 886 981 oppreffum,
911 906 1003 959 nunc

154 986 288 1058 iterum
315 982 549 1055 reviviscens:
572 982 932 1079 Qrarradecimanos
949 986 1003 1057 ad·

152 1080 357 1181 pellebant,
394 1081 458 1177 qui
490 1082 618 1155 Pascha
651 1083 802 1170 Judaico
833 1083 908 1155 ritu
932 1106 1002 1157 non

31 1258 39 1275 s
95 1260 102 1269 ,
155 1182 214 1254 die
240 1180 450 1266 dominice,
479 1177 537 1261 [ed
556 1178 650 1251 'luna
683 1181 825 1252 decima
857 1200 999 1277 quarta,

154 1281 193 1352 in
213 1301 467 1373 quamcunque
494 1279 590 1349 diem
626 1277 822 1365 incidiiiet‚
850 1280 1002 1354 celebra·

154 1379 252 1450 bant.
305 1377 458 1472 Utrique
486 1377 570 1447 huic
594 1378 706 1450 errori
738 1379 888 1451 obviam
915 1380 1001 1453 itum
1044 1446 1046 1461 ,

156 1475 268 1549 estin
293 1479 464 1560 Nicaenn‚
497 1476 543 1545 de
577 1498 650 1572 quo
679 1476 773 1562 dixi,
812 1474 1002 1550 Concilior
1044 1466 1046 1487 '

153 1574 1002 1748 iiiiimeisiirrfflzeii¹32⁰inicii

988 1718 1001 1759 i

153 1768 311 1855 ὁμοέσιον
336 1769 394 1841 seu
425 1768 769 1844 consubstantialem
799 1772 898 1845 Patri
923 1788 1002 1846 c'on·

154 1870 366 1955 clamatum,
401 1865 556 1964 fideique
588 1869 800 1965 Symbolum
838 1868 1002 1959 omnium

152 1969 300 2042 nomine
326 1969 370 2039 ab
397 1965 484 2040 Ofio
511 1964 599 2039 sedis
625 1963 839 2065 Apostolicae
861 1971 1002 2087 'Legato

152 2066 394 2162 conscriptum
421 2089 463 2138 ac
488 2065 756 2165 promulgatum
774 2062 857 2153 fuin
909 2073 1002 2141 Lun-

152 2165 316 2238 stitutum
350 2187 496 2261 quoque
531 2164 580 2236 est
605 2184 733 2238 contra
764 2167 1000 2262 Quartadeci·

84 2288 95 2309 ‘
151 2286 302 2351 manos,
331 2282 422 2360 quos
447 2261 519 2352 jam
554 2262 692 2337 dudum
730 2264 860 2336 Victor
886 2265 1001 2339 Ponti·

151 2361 213 2435 fex
244 2363 389 2446 Rome,
432 2360 670 2454 Theophylus
709 2361 941 2436 Caesareeniis
966 2365 1000 2437 in

151 2459 364 2542 Paiaestina,
397 2456 434 2529 ὅ(
461 2458 614 2530 lrenaeus
641 2461 676 2532 in
703 2458 828 2533 Gallia
860 2462 1000 2535 damna·

151 2577 255 2646 rant,
283 2576 324 2628 ut
349 2552 425 2649 post
458 2555 636 2629 decimam
669 2577 834 2653 quartam
861 2554 1024 2641 Lunam

151 2658 259 2757 primi
285 2649 411 2725 mensis
436 2652 472 2725 in
500 2652 611 2750 ipsum
629 2654 904 2754 AEquinostium
926 2678 996 2749 ver·

151 2778 241 2829 num
265 2751 507 2838 incidentem,
540 2753 599 2825 vei
625 2755 737 2850 ipsum
764 2757 933 2854 proxime
954 2752 995 2829 se·
1041 2772 1046 2785 ·

100 2888 103 2893 ,
151 2869 327 2951 quentem
359 2848 489 2931 Pascha
519 2851 731 2926 celebretur.
792 2856 919 2953 Atque
951 2854 993 2925 ire
1043 2856 1046 2873 '

67 2962 70 2967 '
150 2946 226 3049 post
246 2948 546 3022 variosCanones
569 2950 659 3025 alios
683 2949 862 3051 (virginti
879 2946 998 3053 passiru.

148 3054 416 3138 numerantur)
452 3049 617 3127 conditos
658 3046 870 3127 Concilium
911 3056 991 3135 hoc,

154 3147 213 3224 cui
231 3146 356 3223 datum
383 3144 452 3223 fuit
466 3147 610 3226 initium
635 3172 730 3227 anno
749 3170 838 3247 325.
867 3152 990 3327 dielra⁸

177 3268 184 3279 ⁴
228 3292 232 3299 ²
876 3250 932 3331 Ka
945 3270 992 3324 eu·
