2108 3698
119 196 203 304 378
306 187 396 303 Cup.
424 188 480 275 V.
538 184 769 275 oeconomio

115 360 196 428 quae
230 333 267 411 in
298 337 366 410 hac
394 334 470 408 vita
501 356 575 408 non
606 324 713 433 plepe
743 331 871 409 delion
895 331 948 409 l'ua

116 443 331 531 expiarent,
364 433 631 509 detinenturin
656 434 809 531 poenis,
841 453 950 530 usque

116 537 202 605 rium
224 534 365 632 penitus
383 532 565 629 mundatae
583 533 627 605 ab
646 532 745 607 omni
761 549 867 606 reatu
885 528 948 604 cul·

113 653 169 732 pae
194 655 239 706 ac
262 629 379 730 poenae
410 648 617 704 mereantur
646 632 684 703 in
710 628 846 703 coelurir
872 628 948 703 reci·

111 731 150 828 pi
177 786 185 805 .
214 781 223 802 .
250 783 258 803 .
283 749 355 802 non
382 728 513 816 minus,
540 728 638 826 quod
663 730 791 800 anirnae
815 728 854 800 in
876 746 947 826 pun

112 827 254 929 gatorio
288 826 443 901 deteutae
472 825 590 920 iuvari
624 822 756 921 poffint
783 822 951 925 suffragia

111 927 294 1000 vivorum.
346 921 511 1000 Secundo
530 924 701 1005 stabilitur
726 922 848 999 cultus
874 927 947 998 San·

111 1022 274 1110 Elorum,
299 1043 335 1097 at
362 1047 409 1100 ue
433 1022 593 1122 inprimis
616 1021 817 1097 oileuditur
831 1070 845 1110 ,
871 1023 947 1098 San

110 1119 251 1214 elotum
286 1123 331 1198 de
353 1118 536 1197 utrorum
576 1122 712 1196 animas
747 1119 821 1213 lam
859 1140 973 1219 nunc·

108 1218 180 1295 frui
205 1220 339 1296 visione
364 1219 553 1302 beatificat
586 1220 669 1294 dein
694 1215 792 1293 recte
819 1218 858 1294 δι
881 1217 946 1293 lici·

107 1336 147 1393 te
175 1317 248 1392 coli
275 1316 409 1393 [anuos
433 1336 606 1420 tanquam
637 1312 782 1396 amicos'
797 1317 870 1393 Dei
879 1367 892 1408 ‚
914 1317 946 1398 ὰ

107 1415 300 1493 hominurn
320 1437 492 1514 patronos
511 1413 770 1510 cultu'Duliae‚
797 1416 874 1490 hoc
892 1413 944 1504 est,

105 1516 265 1608 majore,
293 1534 400 1613 quum
426 1539 516 1612 pure
539 1512 636 1588 civili
661 1516 698 1588 ὅ(
724 1512 898 1614 politico,
910 1535 945 1588 ac

106 1613 250 1692 minore
264 1638 372 1710 quam
389 1614 533 1702 divino,
558 1633 666 1712 atque
681 1614 731 1686 ita
744 1611 851 1707 cultu
866 1636 944 1710 quo

105 1713 188 1782 dam
216 1711 337 1784 medio
367 1711 461 1784 inter
494 1712 656 1784 di'vinum
682 1711 719 1786 ὅ(
745 1709 943 1807 politicum.

105 1808 233 1891 Tertio
251 1809 475 1886 examinatur
491 1808 659 1904 quaeilio,
685 1835 730 1882 an
745 1809 870 1907 Sall&
887 1810 944 1891 fini
980 1850 982 1855 ·

57 1946 60 1958 ·
103 1909 320 2007 invocandi,
350 1907 386 1983 ἃ
412 1924 538 1983 contra
561 1909 809 1983 heterodoxos
834 1907 942 1983 {latui

105 2024 166 2080 tur
204 2004 366 2082 adductis
400 2030 422 2080 e
454 2009 488 2085 S.
524 2009 707 2105 Scriptura
737 2007 942 2106 exemplis,

104 2101 254 2178 SanElos
278 2107 333 2179 'in'
357 2103 459 2183 coelis
513 2127 554 2178 to
581 2105 684 2180 nobis
709 2126 841 2199 orote⁸
875 2129 941 2180 non

102 2221 246 2283 tantum
269 2201 448 2290 universe,
475 2127 533 2276 ild
559 2204 668 2278 etiarn
694 2201 939 2302 peculiariter:

104 2303 328 2398 eosdemque
344 2300 414 2373 live
433 2299 593 2399 Angelos
612 2301 684 2375 sive
695 2302 872 2386 homines
889 2303 940 2401 pio
975 2330 981 2347 ·

102 2423 148 2475 ac
169 2399 308 2496 utiliter
332 2422 352 2476 a
376 2400 582 2474 viventibus
602 2401 776 2476 invocari.
831 2404 939 2500 Quat·

100 2515 143 2572 to
176 2519 303 2574 contra
337 2500 483 2573 eosdem
518 2495 723 2573 defenditur
756 2499 938 2574 honos&

101 2593 222 2671 cultus
237 2644 249 2684 ‚
267 2597 344 2698 ‘qui
364 2592 576 2671 Senonum
603 2595 774 2696 Reliquiis
800 2599 937 2671 exhibe·
976 2588 982 2641 ’-

46 2720 49 2725 ·
99 2712 162 2767 tur
186 2697 223 2770 in
255 2693 404 2768 Ecclesia
436 2694 651 2780 Catholica‚
683 2716 793 2793 quern
820 2713 937 2770 tamen

96 2788 237 2883 'cultum
258 2789 331 2867 non
351 2791 420 2873 effe
439 2791 667 2888 absolutum,
695 2791 752 2866 seu
770 2814 845 2891 quo
862 2794 935 2892 quia

99 2887 234 2986 aliquid
260 2891 416 2979 honorat
440 2894 590 2991 propt-er
615 2891 866 2968 excellentium
888 2890 935 2966 rei

99 2987 346 3077 intrinsecam,
372 2987 431 3064 sed
455 2988 525 3064 elle
550 2985 783 3087 respeciivum
806 2991 935 3066 docent

97 3086 299 3187 Theologi,
327 3088 385 3162 seu
411 3086 546 3177 tale-m,
577 3111 649 3187 quo
670 3089 751 3186 quis
775 3111 852 3162 rem
877 3089 934 3162 bo

96 3205 205 3270 uorat
222 3177 406 3295 prop&
423 3185 653 3295 rospeiiutau
688 3209 798 3287 quem
830 3185 933 3356 haledt

388 3358 391 3362 ,
487 3300 492 3310 ’
552 3351 553 3355 ,
890 3307 910 3360 a

732 3347 758 3389 X
