2108 3698
112 115 372 241 'lireologim
386 116 610 239 lauciorirrs
638 114 690 212 ir
704 119 817 206 ratio.
851 141 931 235 135

81 312 106 356 „
128 265 198 349 rit,
221 265 411 369 multoque
439 267 503 341 lint
527 286 637 365 atque
669 267 930 366 incomparabi-

80 411 107 453 „
132 361 217 438 liter
242 364 384 461 plures,
411 368 575 462 quaeubl
601 365 831 455 exstiterunt,
856 366 939 451 illic,

80 462 106 551 ‚'',
131 464 326 563 improbari
352 459 588 563 damnarique
605 485 847 551 emeruerunt,
875 487 928 540 at·

77 607 103 653 „
129 586 202 661 que
227 564 310 637 inde
335 586 399 660 per
420 563 567 638 caeteras
585 582 697 639 terras
723 563 928 643 devitandae

76 708 103 753 „
128 660 353 738 innotescere
369 680 580 760 potuerunt.
628 663 765 737 Verum
779 659 928 740 illorum

76 806 105 853 „
131 756 292 858 superbia
390 797 404 813 ·
430 762 523 834 hanc
550 761 659 834 etiarn
675 760 835 860 ,gloriam
870 785 928 837 ca·

76 906 102 951 „
128 879 231 957 ptare
248 856 471 957 intelligitur,
488 878 528 931 ut
543 878 692 958 propter
702 857 782 935 illos
796 861 927 936 Orien·

76 958 174 1051 „tis
199 957 237 1032 &
274 952 489 1031 Occidentis
528 958 696 1056 Synodus
731 981 926 1060 congrege·

76 1104 101 1151 „
126 1074 216 1130 turs
252 1054 392 1131 Orbem
409 1057 546 1155 quippe
561 1054 816 1146 Cathollcum,
838 1081 925 1157 quo·

76 1204 103 1251 ‚,
129 1159 228 1229 niam
246 1156 405 1229 Domino
431 1162 483 1228 eis
509 1155 688 1234 resistente
713 1177 924 1254 pervertere

76 1252 333 1352 Nequeunt,
370 1253 491 1327 saltem
527 1277 764 1328 commovere
796 1277 926 1328 conan-

76 1401 103 1448 ‚,
124 1373 237 1449 φτ».
288 1353 333 1426 Et
356 1351 442 1450 quid
468 1353 615 1426 obsecro
633 1353 782 1426 demum
808 1350 925 1439 fieret,

76 1474 259 1551 quamque
299 1454 423 1550 gravia
461 1453 512 1525 rei
553 1451 753 1526 Catholicae
794 1450 926 1524 damna

76 1553 86 1629 i
166 1550 327 1637 inerent,
360 1548 381 1622 fi
409 1551 590 1625 minorum
615 1551 780 1648 gentium
806 1547 942 1647 Eccles

76 1648 99 1739 li
137 1648 330 1747 *judicium
356 1648 450 1724 ferre
486 1666 574 1723 nont
587 1647 749 1746 pollent,
786 1648 844 1722 cui
870 1665 925 1720 tu·

76 1766 114 1835 ro
158 1767 330 1846 certoque
375 1746 676 1846 acquiescendum
715 1744 823 1835 effer,
864 1744 927 1825 led.

76 1844 227 1947 Spiritus
247 1842 371 1935 sarneii,
394 1849 462 1947 'qui
479 1871 625 1922 omnem
642 1848 838 1922 veritatem
856 1867 923 1920 nos

76 1946 203 2032 rlocet,
230 1944 345 2018 veluti
369 1969 470 2040 aquae
491 1965 615 2017 motus
636 1947 673 2018 in
690 1944 823 2041 piscina
840 1966 924 2039 pro·

76 2036 191 2143 letica
207 2043 262 2135 (t)
289 2041 386 2116 foret
411 2038 689 2136 experiendus,
716 2043 834 2114 donee
858 2041 924 2112 Ec·

76 2140 175 2235 defin
202 2142 239 2213 in
276 2134 448 2212 Concilio
471 2134 662 2225 universali
689 2135 923 2211 conveniret?

76 2238 191 2327 nullus
227 2232 389 2333 musello
424 2231 518 2308 foret
551 2233 689 2308 interea
728 2232 845 2306 litium
880 2256 939 2311 ac,
1020 2258 1024 2267 ·

76 2332 324 2413 slillenfionurn
365 2332 465 2422 finis,
512 2356 653 2408 errores
701 2330 924 2428 haerelesque

76 2436 223 2533 impune
249 2436 285 2507 io
316 2432 450 2507 viscera
480 2433 577 2508 orbis
611 2431 803 2508 Christiani
834 2426 952 2529 gras·-
1011 2430 1014 2437 “

76 2532 255 2631 urentur,
281 2530 433 2605 rebelles
459 2532 501 2627 ac
528 2545 762 2605 contumaces
782 2532 818 2602 in
843 2524 924 2603 offi-

76 2634 132 2723 cio
156 2628 338 2708 contineri
373 2632 594 2727 nequirent,
632 2632 794 2727 privatus
831 2629 925 2725 quis·

76 2732 206 2835 quein
232 2728 316 2802 fidei
339 2750 382 2800 ac
401 2751 544 2811 rnorum
570 2726 821 2802 controverfiis
848 2749 922 2798 mu·

76 2852 142 2913 uus
164 2829 294 2925 judicis
328 2825 387 2898 fibi
419 2847 620 2923 arrogaret,
650 2828 923 2904 inveherentur·

76 2952 145 3033 que
167 2927 215 3021 ,in
246 2924 439 3000 Ecclefiam
475 2943 626 3000 cruenta
663 2923 722 3000 illa
756 2944 923 3023 tempora

847 3023 925 3097 Ma-

115 3134 160 3218 (ε)
186 3129 286 3218 ἔθα.
307 3147 340 3219 5.

419 3213 587 3323 ,14
