2108 3698
189 186 192 193 ·
270 157 472 275 poblicum
495 158 713 278 politicum.
839 192 920 285 291

60 326 168 389 extra
214 307 454 387 Germaniam
505 312 543 388 in
584 312 644 409 jus
674 316 816 393 -vocari
863 342 922 399 na·

59 425 219 561 queunt.
369 544 371 549 Ι
438 507 475 606 ὃ.
502 509 547 584 Π.

133 603 303 699 Comitia
336 610 387 707 Ψ
418 609 644 701 Conventus
671 612 846 733 imperti.
1029 570 1033 577 .

457 758 519 834 LI.
578 806 581 811 -
904 766 908 785 '

60 888 252 1027 Alterum
277 908 322 967 nt
344 888 501 966 diximus
525 886 638 989 eaput
660 891 754 993 Juris
779 893 918 974 Publici

141 987 225 1066 sunt
258 984 409 1067 coniitia
443 990 481 1067 dt
515 1010 721 1069 conventus
758 995 918 1096 Imperii.

56 1086 281 1169 Heicuoise
305 1107 473 1190 oportet,
497 1089 576 1186 post
600 1091 874 1170 Maximilanum
887 1096 916 1170 1.

59 1186 243 1266 aCaroio
265 1190 315 1264 V.
350 1188 549 1285 Imperium
584 1188 846 1268 Germanicum
878 1194 919 1273 in
965 1244 969 1253 ,

58 1290 192 1365 decem
218 1287 454 1376 Provincias,
479 1311 568 1383 quas
603 1285 766 1365 Circulos
789 1295 915 1369 vocari

57 1383 174 1483 instit,
197 1382 300 1461 fuiiie
324 1384 500 1473 divisum,
524 1388 576 1460 ita
600 1407 643 1461 ut
667 1391 817 1465 nomine
838 1388 918 1467 Sto·

56 1500 181 1575 ruunt,
223 1486 286 1582 qui
318 1487 448 1583 quovis
483 1484 520 1558 in
544 1485 695 1561 Circuio
728 1486 781 1562 siti
810 1487 918 1573 sunt,

56 1608 127 1661 nna
162 1607 249 1658 cum
282 1581 502 1657 dimensione
535 1586 794 1681 pecuniarum,
851 1608 916 1664 uas

55 1683 217 1785 Imperio
240 1683 425 1781 pendunt,
450 1680 543 1757 libro
577 1681 635 1758 seu
667 1676 764 1761 Aibo
796 1611 917 1785 inisti

55 1784 209 1868 bantur,
236 1781 296 1878 qui
327 1778 531 1857 Matriculn
562 1782 735 1879 adpellari
767 1784 914 1860 consue·

54 1884 119 1958 vit.
168 1878 326 1979 Singulis
370 1881 443 1954 duo
479 1881 662 1979 Principes
704 1879 914 1961 Direiioret

54 1978 235 2083 presunt,
266 1980 328 2077 qui
354 1977 512 2074 reliquos
527 1979 650 2052 Status
674 1984 721 2053 ad
741 1982 914 2057 Conven-

55 2096 133 2154 tum
160 2095 393 2153 convocant:
439 2078 495 2148 his
528 2076 674 2149 additur
708 2075 818 2165 Dux,
851 2080 914 2174 qui

54 2174 315 2253 miiitiaeiilius
339 2171 477 2248 Corcuii
504 2169 715 2247 Praefedum
731 2174 831 2271 agit,
863 2190 915 2251 at·

54 2297 128 2375 que
160 2277 237 2349 duo
270 2274 318 2344 ad
353 2272 500 2370 negotia
544 2269 693 2370 politicd
729 2273 913 2377 gerenda,

28 2370 207 2475 paedor
233 2371 279 2445 ad
303 2367 461 2460 AErarii,
498 2369 537 2444 ὅ(
563 2369 655 2447 aiios
679 2371 725 2444 a‘d
749 2393 909 2449 mooetae

9 2474 25 2501 ³·
55 2494 178 2547 suram
204 2472 242 2546 dt
275 2471 618 2545 administrationem
651 2472 759 2562 adjun
787 2491 911 2544 untur.

9 2614 11 2619 ·
54 2570 130 2687 iam
147 2593 242 2645 veto
250 2569 469 2644 Conventus
487 2568 552 2643 vei
568 2569 647 2642 sunt
662 2496 910 2655 Circuiorum,

8 2738 20 2865 p.

55 2690 90 2745 ur
113 2672 247 2769 quibus
283 2666 442 2759 cujusvis
474 2665 654 2766 Deputoti
685 2664 794 2743 semei
819 2683 912 2766 quot

56 2771 155 2844 annis
181 2786 247 2840 aut
273 2764 398 2864 sapius
424 2776 636 2864 congregari
671 2766 834 2865 poiiunt,
868 2781 912 2840 ut

58 2869 226 2943 derebus
247 2864 285 2939 δι
303 2862 502 2959 obsequiis,
530 2886 608 2959 quae
631 2888 652 2937 a
668 2867 798 2959 quovis
817 2863 910 2957 ejus·

58 2963 154 3041 modi
180 2962 331 3041 Circulo
364 2965 409 3036 ad
444 2982 641 3034 commune
673 2964 810 3039 bonum
841 2963 910 3036 im·

21 3136 25 3145 .
60 3067 143 3161 perii
171 3062 335 3165 praestare
360 3061 553 3146 convenit,
581 3059 618 3131 in
642 3062 803 3133 medium
825 3084 910 3135 con·
994 3145 999 3153 ,

63 3162 179 3241 iniant.
230 3168 355 3263 Atque
376 3160 423 3238 ad
440 3160 734 3333 hosrconventus
751 3156 910 3257 pierum-

555 3279 580 3336 2
839 3274 918 3355 que
1009 3271 1023 3281 ·
