2108 3698
105 152 186 263 176
218 146 312 264 Cap.
327 144 400 233 lii.
430 141 535 232 Dour
552 72 938 265 colarmroeorbosrs¹

58 330 62 341 ·
102 296 245 372 Paullus
270 296 475 371 Patriatcha
500 289 940 392 constantinopolitanus·

47 462 51 467 .
100 399 162 496 qui
188 397 352 470 abdicata
378 394 554 493 dIgnitate
580 388 660 480 sua,
686 406 728 466 ut
750 393 797 467 de
813 390 850 466 se
868 394 905 490 ip

100 496 257 569 criminis
292 485 502 590 supplicium
534 487 713 579 sumeret,
746 488 844 566 intra
867 492 955 569 Mo·

100 592 240 681 nasterii
256 591 413 689 parietes
440 589 473 663 se
495 588 688 693 concluso,
713 586 940 689 caussamque

23 686 27 697 '
99 696 151 768 rei
167 684 412 763 suscitantibus
428 684 596 788 Augustis
616 686 821 785 respondit,
846 708 941 762 aetcr·
976 752 981 761 .

99 813 148 864 no
175 786 207 861 se
233 786 478 882 adjudicatum
509 787 552 860 iri
577 786 773 885 supplicio,
802 786 940 885 ral'poe·

100 889 251 960 nitentia
273 885 382 960 scelu's
409 882 571 975 elueret,
598 907 670 982 quo
696 882 941 959 incautumse
976 884 979 889 ’

98 979 466 1070 commoriendum
493 982 803 1081 Pseudo-Synodi,
832 988 964 1082 quart

96 1085 230 1180 impius
269 1082 527 1180 Coprunymus
560 1080 728 1176 adversus
763 1081 939 1157 sacrarum

97 1182 297 1280 imaginum
316 1180 455 1255 cultum
477 1201 667 1283 coegerat,
693 1178 853 1255 decretis
872 1178 940 1254 sub-

97 1275 241 1380 scripsit.
290 1283 415 1378 Qaare
432 1275 644 1365 Tharasrus‚
678 1277 741 1376 qui
765 1274 889 1355 Paullo
906 1279 940 1354 la

97 1373 328 1454 Patriatchali
340 1378 421 1452 sede
433 1372 678 1466 suffeetnsfuin
697 1372 940 1477 graviffimum

96 1500 190 1552 onus
207 1499 279 1551 non
296 1476 364 1549 alia
387 1478 467 1575 lege
488 1477 661 1575 suscepit,
688 1496 799 1571 quam
824 1472 846 1548 ii
867 1474 940 1551 foro

98 1575 356 1674 pollicerentur
372 1575 626 1650 Constantinus
645 1577 682 1649 dt
697 1576 822 1658 Irene,
850 1572 941 1647 utie-
979 1596 981 1661 ς

98 1677 263 1844 {primam
290 1675 478 1772 synodum
503 1677 658 1749 Romani
681 1667 868 1748 Pontificis
886 1694 940 1745 au·
979 1674 981 1685 '

134 1772 264 1846 oritate
289 1770 517 1847 indicendam
542 1772 820 1869 habendamque
847 1794 939 1871 cura·

96 1890 192 1943 rent.
253 1873 362 1947 Dedit
388 1895 475 1970 ergo
501 1870 621 1946 literas
646 1872 690 1944 ad
716 1868 938 1947 Hadrianum

98 1962 232 2066 Papam
247 1966 460 2043 Tharaliusr
490 1972 623 2044 dedere
642 1970 793 2070 Augusti
817 1992 939 2067 rogan·

98 2087 168 2156 tes,
196 2089 236 2142 ut
262 2071 413 2166 Synodo
437 2070 683 2144 convocanda
709 2068 938 2153 consentiret,

98 2160 252 2264 suosque
270 2191 337 2267 pro
356 2192 459 2244 more
477 2164 635 2266 Legatos
655 2170 832 2243 mitteret.
870 2165 939 2239 La·

98 2268 169 2341 tior
195 2267 348 2341 nuncius
374 2264 537 2341 Pontifici
565 2259 682 2340 nullus
704 2265 826 2341 afferri
840 2283 939 2364 pote·

97 2383 165 2439 rat.
214 2361 361 2441 Dudum
384 2364 481 2436 enirn
502 2361 666 2439 Orientis
690 2360 864 2439 Ecclesiae
883 2380 939 2435 ra·

97 2463 203 2543 stavit
227 2462 393 2538 immanis
418 2457 717 2537 iconoclastarum
733 2462 865 2548 sutor,
891 2461 940 2533 iu·

98 2584 155 2638 ter
172 2550 272 2657 ,quos'
300 2558 403 2635 suere
429 2557 549 2657 plnres
574 2566 722 2659 quoque
747 2560 801 2633 lm
829 2577 939 2634 erato·

96 2684 182 2745 res,
208 2658 328 2759 plures
360 2654 756 2758 Constantinopolitaui
790 2584 939 2733 lintriu-

97 2766 198 2847 chae,
230 2752 297 2855 qui
334 2781 407 2832 non
434 2757 544 2831 solum
571 2759 725 2845 ineos,
761 2758 823 2855 qui
848 2752 938 2831 debl-

97 2878 176 2931 tum
203 2855 305 2929 sactis
340 2855 554 2956 imaginibus
591 2860 771 2935 honorem
805 2852 935 2931 detule-

95 2973 207 3041 runt,
244 2953 303 3027 sed
330 2955 365 3028 in
393 2955 465 3055 ipsa
489 2953 600 3030 etiam
635 2957 819 3031 Diuorum
844 2952 938 3029 limu-

91 3052 221 3140 lacta,
256 3054 293 3128 dt
318 3054 454 3131 Christi
479 3074 626 3130 crucem
660 3053 746 3153 igne
771 3050 936 3149 ferroque

98 3151 219 3233 saevire
243 3150 313 3229 aust
340 3154 429 3233 sunt.
476 3140 601 3253 ltaque
626 3153 789 3255 probatis
812 3148 936 3327 egialeu-
979 3192 981 3263 3

562 3275 567 3283 ‘
883 3267 935 3325 tra·
978 3276 981 3371 p
