2108 3698
137 154 220 241 188
250 139 342 257 cap.
355 141 429 229 ΙΙΙ.
458 140 563 229 Duae
582 140 773 229 coiumnae
793 167 838 229 ar
855 138 954 263 ioses

132 294 277 367 circiter
289 293 434 378 Patres,
459 289 556 390 gesta
571 287 671 365 fuisse
685 288 871 390 leguntur.
912 290 981 367 Pri·

93 414 97 423 ’
131 413 234 465 mum
261 407 361 477 erat,
392 408 434 462 ut
469 388 620 463 schisma
651 409 821 462 exortum
852 387 978 487 suppri-

128 509 302 565 meretur.
377 488 526 586 Qrippe
558 488 725 562 Honorio
752 489 796 560 11.
836 488 976 571 evivit

5 608 9 619 ·
128 587 287 674 sublato,
313 605 508 682 antequam
534 585 613 679 ejus
635 608 735 660 mors
761 584 901 685 populo
930 588 975 663 iu·

127 684 332 763 notesceret
343 685 387 763 ad
408 682 620 759 seditionem
639 703 716 779 tum
729 686 908 782 temporis
923 686 975 760 ad·

126 786 279 859 modum
296 805 433 881 prono,
461 783 576 874 major
591 806 635 858 ac
658 779 872 882 saniorpars
894 782 974 861 car-

126 880 300 955 dinalium
337 880 407 955 stne
443 904 546 955 mora
583 883 797 980 congregari
838 882 972 983 erepit,

125 980 311 1079 elegitque
341 977 574 1054 successorem
614 980 771 1055 Honorii
802 980 982 1079 Innocen„

122 1080 216 1153 tium
234 1080 274 1152 il.
301 1077 428 1175 reliqui
447 1101 537 1153 vero
556 1100 710 1153 numero
734 1079 894 1178 impares
914 1104 973 1159 eo-

122 1179 206 1251 dem
233 1177 353 1262 adhuc
378 1177 438 1251 die
464 1177 612 1252 Petrum
640 1177 774 1251 Leonis
799 1181 972 1274 potentis·

120 1274 194 1350 fimi
223 1278 312 1352 civ-is
337 1278 493 1351 Romani
518 1274 654 1365 silium,
687 1274 755 1392 cui·
775 1275 971 1355 Procerum

117 1371 695 1550 rsrrisris‘insiiiisi?
705 1422 718 1463 ’
736 1374 969 1573 fsgssisi
1003 1466 1006 1523 ÷

118 1595 178 1651 res
204 1570 384 1647 tumultus
408 1575 534 1647 Romae
560 1572 746 1661 excitavit.
795 1575 893 1649 Nam
910 1572 987 1649 Pe·

116 1689 194 1745 trus
220 1671 407 1746 Clientum
448 1670 686 1747 multitudine
726 1693 770 1744 ac
804 1672 967 1770 potentis

113 1767 230 1843 fretus
262 1767 443 1844 Basdicam
475 1769 641 1858 S.Petri‚
674 1767 836 1868 aliasque
868 1771 965 1848 urbis

32 1952 35 1961 ¹
112 1866 285 1943 Ecctefias
310 1870 475 1964 pervim
500 1868 965 1965 occupavitclnnocentio

102 1990 197 2053 ¹,curn
223 1965 371 2042 audieris
397 1965 459 2041 fibi
482 1964 738 2057 Gurdinalibus
764 1967 884 2042 Roma
918 1970 964 2045 di·

111 2066 259 2143 scedere
283 2091 325 2140 ac
350 2067 387 2140 in
413 2064 570 2141 Galliam
593 2062 787 2164 profugere
812 2064 960 2157 coarto,

109 2169 173 2242 ubi
204 2186 377 2262 tanquam
411 2161 593 2261 legitimus
629 2160 760 2239 Christi
792 2165 961 2242 Vicarius

109 2265 251 2340 summo
278 2285 363 2337 cum
399 2261 540 2333 honore
581 2280 756 2355 exceptus
795 2261 960 2342 strenuos

108 2363 294 2462 dignitatis
320 2359 385 2430 suae
418 2358 581 2432 vindices
614 2359 738 2435 nasius
764 2358 815 2436 est
838 2362 990 2461 Ludo-⁸¹

104 2466 230 2535 vicum
248 2460 313 2533 Vl.
339 2452 490 2542 Gallia,
528 2455 566 2530 ἃ
591 2459 793 2533 Henricum
818 2460 959 2560 Angue

104 2562 241 2659 Reges,
271 2576 428 2655 quorum
463 2556 633 2654 exemplo
663 2576 856 2656 permotus
889 2564 955 2636 Ro

102 2675 296 2732 manorum
323 2653 524 2748 Imperator
543 2655 736 2731 Lotharius
761 2656 956 2739 numeroso

101 2752 265 2833 exercitu
298 2769 511 2846 comparato
546 2755 762 2831 redeuntem
786 2779 809 2831 e
835 2755 958 2834 Gallis

99 2854 139 2931 in
167 2842 305 2921 italiam
347 2850 599 2926 innocentium
637 2855 792 2929 Romam
835 2878 954 2955 usque

98 2948 274 3035 deduxit,
300 2945 337 3022 dr
362 2945 526 3046 repressis
552 2948 804 3041 schismaticis,
837 2954 953 3055 impo-

97 3050 237 3145 sitoque
259 3047 339 3127 urbi
358 3049 405 3123 ad
423 3048 598 3123 tuendum
621 3046 837 3126 Pontificem
864 3077 952 3151 ,prae-

96 3146 236 3231 sidiario
259 3145 375 3225 milite
400 3146 544 3248 imperii
568 3169 705 3227 corona
730 3148 951 3329 domitu&
