2108 3698
114 165 353 278 sseoiogiae,
382 153 591 253 audiuntur
613 164 663 259 ἔθ’
679 166 791 255 ratio.
819 178 905 279 283

57 314 285 420 prascientin
308 311 464 389 hominis
487 314 691 388 libertatem
712 338 785 388 noo
805 338 913 393 ever*

64 436 139 505 tat,
159 415 326 511 illiusque
337 416 494 491 Decreta
512 412 617 503 hujus
634 412 814 488 voluntati
830 417 911 493 vim·

64 514 145 591 cula
157 536 229 589 non
245 513 426 607 inficiant,
444 512 528 585 heic
546 512 716 599 Rhodus,
739 514 821 587 heic
836 516 908 591 Sai-

65 632 139 689 ωε.
166 616 250 689 Non
261 614 380 685 minus
395 608 486 683 fides
498 632 563 683 nos
575 614 780 698 docet,Dci
794 610 907 689 filium

64 714 261 787 humanam
275 733 420 785 carnem
437 706 605 783 induiffet
621 714 684 805 qui
697 713 834 786 veroid
848 712 908 787 fic·

65 812 98 886 ri
118 805 279 908 potuerit
301 809 435 904 absque
453 810 664 881 mutationis
677 832 720 882 ac
736 815 908 889 commix·

66 909 175 984 tionis
183 907 264 981 labe
274 903 565 1004 infimpiiciffima
575 908 642 979 Dei
657 927 801 981 naturar
823 934 910 1008 quo·

66 1005 910 1107 mododuaenaturaecumunapcrionaiunaque

66 1104 310 1204 personatum
322 1104 460 1177 duabus
477 1102 918 1185 voluntatibuseodemin-

57 1200 236 1305 stippofitc
249 1203 455 1274 cohabitare
466 1223 621 1298 queant,
637 1208 776 1275 nonita
793 1229 910 1301 prom·

64 1325 144 1377 tum
166 1302 215 1373 cst
232 1299 438 1391 explicato3
465 1302 551 1394 quin
569 1299 777 1396 multiplicis
800 1312 908 1379 haeru·

63 1395 912 1497 seosotigosrit.Revelatumest,hominemtss'e

65 1497 242 1585 liberum,
272 1494 359 1568 stare
377 1519 458 1568 cum
476 1499 588 1595 gratia
609 1495 744 1574 efficaci
769 1500 916 1575 liberta·

67 1618 166 1671 tem:
192 1599 370 1668 incertum
381 1615 502 1667 tamen
519 1593 586 1687 est,
604 1598 927 1695 quemadmodum·

66 1694 146 1771 stet.
195 1694 326 1768 Varias
347 1696 552 1769 concordia
568 1696 645 1770 viat
659 1700 915 1799 excogitarunt

67 1794 157 1867 varii
174 1790 351 1868 Dodoros
368 1794 572 1883 Catholici,
603 1794 662 1870 scd
679 1798 800 1873 adhuc
820 1801 915 1877 inter

69 1915 134 1967 eos
148 1892 327 1967 discordia
338 1918 486 1985 pomum
503 1892 678 1983 superest,
700 1896 781 1990 quis
799 1897 916 1970 niceto

68 1989 196 2067 melius
236 1991 274 2063 dt
314 1988 397 2061 fidei
427 1990 609 2085 principiis
632 1992 932 2091 ⁴convenientius-

68 2089 168 2163 hunc
196 2083 416 2157 difficultatis
445 2083 608 2156 nondum
635 2082 759 2165 solvat.
805 2090 929 2169 Porro:

10 2230 20 2239 »
67 2188 206 2261 veritas
230 2182 334 2256 sacris
349 2179 548 2255 contestata
570 2181 683 2255 literis
703 2184 774 2275 est,
798 2188 931 2265 Duum·

67 2282 163 2361 serio
191 2278 319 2369 velle,
340 2301 382 2353 ut
409 2300 540 2355 omncs
571 2283 723 2357 omnino
752 2286 936 2363 homiues·

69 2379 156 2457 salvi
176 2376 291 2453 fianta
321 2402 393 2476 quo
414 2399 538 2453 autem
565 2381 680 2455 modo
705 2382 792 2458 scria
814 2380 933 2484 poffit

71 2478 142 2557 eise
159 2479 300 2551 antdici
316 2476 484 2551 voluntas
497 2478 575 2552 hac
588 2478 730 2563 divina,
749 2478 771 2552 fi
788 2480 919 2556 subtru·
1025 2494 1032 2507 '

69 2578 128 2655 &a
141 2574 277 2652 efficaci
297 2576 411 2673 gratia
426 2576 537 2651 solum
551 2599 651 2651 mere
673 2573 921 2672 sufficientem,

73 2674 132 2754 ico
151 2700 258 2776 quam
277 2675 449 2773 praevidet
464 2696 648 2771 nunquam
669 2700 752 2752 cum
774 2678 922 2779 consuo.

73 2778 110 2853 su
130 2775 207 2849 fore
224 2774 533 2871 conjungendam,
552 2776 753 2866 concedat,
779 2779 848 2852 rite
862 2802 921 2855 ex.

74 2876 204 2977 plicare
237 2898 294 2947 res
317 2873 438 2970 magni
467 2872 662 2946 moliminis
684 2872 745 2950 est.
801 2878 935 2954 Taceo-

76 2974 145 3048 nlia
162 2974 339 3069 plurima,
367 2975 412 3043 de
434 2971 562 3066 quibus
576 2972 613 3044 in
630 2970 709 3046 foro
731 2974 922 3074 Theologi·

75 3097 119 3149 co
149 3072 384 3170 disceptatur,
421 3072 456 3141 dt
484 3066 649 3165 quamvis
672 3071 720 3144 de
746 3071 816 3148 fide
850 3100 924 3149 nun

76 3172 165 3258 fint,
190 3192 310 3245 tamen
329 3170 373 3245 ad
399 3167 482 3242 fidei
507 3165 706 3245 doctrinam
732 3170 926 3272 plurimum

846 3293 929 3349 con·

982 3236 993 3285 i
