2108 3698
109 136 351 252 sseoiogiae,
374 94 588 255 undositas
612 136 791 236 &ratio
820 163 909 259 247

58 285 360 387 Philosophituru
386 289 433 364 de
465 306 596 365 natura
619 306 700 366 turn
724 290 772 367 de
795 293 904 366 mori·
936 284 939 289 ’

58 388 118 463 bus
143 387 369 477 docuerunt,
395 388 510 487 probe
534 384 671 463 fuerint
693 389 906 480 exercitati,

58 484 161 585 longe
184 503 307 561 tamen
330 485 455 586 plures
478 510 607 564 eorum
630 485 693 562 vel
718 488 826 564 tedio
849 511 904 563 re·

58 606 133 679 turn
160 582 488 685 Philosophicarum
513 585 737 677 laborantes,
772 584 832 661 vel
857 583 906 661 al·

58 684 147 765 tiore
171 674 292 786 spiritu
322 685 422 759 intus
457 704 589 786 agente
614 685 661 759 ad
698 683 905 761 sublimiora

58 776 259 870 festinantes
288 779 323 857 ie
359 799 460 861 totos
490 784 667 862 sacrarum
696 783 905 861 Liter-arum

58 876 167 957 studio
191 880 396 970 dederunt,
420 905 464 957 ac
488 883 696 959 divinorum
719 881 906 983 mysterio·

58 1001 132 1055 turn
159 977 193 1055 se
216 978 671 1070 immerseruntOceano,
697 1006 825 1079 parum
854 978 905 1057 so·

58 1076 163 1179 iciti,
186 1078 274 1173 quid
301 1078 483 1163 dicerent,
511 1081 735 1155 docerentve
763 1080 904 1177 Peripa·

58 1176 176 1266 retici,
201 1176 336 1265 Stoici,
363 1183 433 1255 aut'
452 1176 641 1255 Platonici.
685 1177 740 1252 Ita
755 1180 804 1253 D.
817 1180 905 1253 Hie·

58 1292 253 1390 ronymus,
277 1276 347 1350 Vir
370 1277 592 1375 caeteroquin
610 1276 712 1355 omni
735 1277 906 1353 eruditio·

58 1396 98 1463 ue
125 1371 359 1474 conspuunt,
402 1377 449 1449 de
475 1374 509 1449 se
543 1373 619 1475 ipio
643 1375 707 1470 (b)
739 1373 906 1459 ,fatetura

58 1520 81 1563 μ
104 1468 298 1573 Plusquam
313 1472 519 1573 quindecim
536 1481 624 1546 anm·
638 1472 741 1561 sunt,
767 1495 814 1546 ex
831 1493 907 1568 quo

58 1618 78 1663 .,
104 1570 142 1645 in
157 1592 285 1645 manus
304 1595 403 1647 meas
417 1594 604 1670 nunquam
618 1568 785 1658 Tullius,
815 1582 907 1644 nun·'

58 1668 214 1765 ¹„quam
239 1670 369 1761 Maro,
399 1693 585 1769 nunquam
610 1666 907 1770 gentiliumlite·

58 1814 78 1859 .,
104 1789 226 1843 rarum
251 1767 403 1866 quilibet
433 1766 573 1848 Auctor
596 1768 782 1859 ascendit3
805 1764 853 1857 q&
878 1762 905 1841 fi

58 1912 82 1957 ‚,
103 1866 196 1964 'quid
227 1863 322 1943 forte
346 1869 454 1956 inde,
489 1870 577 1943 dum
602 1867 805 1966 loquimur,
840 1868 904 1941 ob·

58 2012 79 2057 ,
104 1966 224 2081 repit,
248 1965 347 2062 quast
371 1967 510 2061 antiqui
534 1962 791 2061 pernebulam
809 1962 906 2060 'som-

58 2108 78 2155 ῃ
104 2063 156 2137 nit
190 2063 459 2136 recordamur.
488 2113 499 2135 .
525 2108 570 2132 ..
601 2060 906 2157 Quotusquisque

58 2162 204 2253 'qnunc
227 2156 456 2234 Aristotelem
482 2156 598 2256 legit?
629 2156 755 2253 quanti
788 2154 906 2249 Plato·

58 2306 80 2353 ,,
105 2258 163 2333 nis
187 2255 246 2331 vel
272 2254 381 2333 libros
396 2279 558 2344 novere,
582 2252 643 2330 vel
667 2252 827 2332 nornen?
842 2255 908 2330 vix

58 2358 145 2451 ‚,in
178 2355 317 2454 angulis
347 2353 451 2432 otiosr
487 2376 552 2430 eos
588 2352 690 2428 senes
727 2351 908 2429 recolunt.

58 2453 317 2549 „Rusticanos
347 2477 437 2529 vero
469 2452 507 2530 dc
538 2452 736 2529 Piscatores
767 2450 908 2528 nostros

58 2572 210 2647 „totus
241 2551 339 2626 orbis
360 2548 553 2649 .loquitur,
588 2550 775 2627 universus
804 2573 909 2625 mun·

58 2680 88 2751 ‚‚·
111 2653 179 2727 dus
205 2649 307 2726 sonat
321 2696 367 2739 „.
431 2647 567 2747 Quodsi
590 2672 679 2725 vero
703 2651 751 2723 de
773 2648 817 2724 iis
841 2645 909 2723 ser·

58 2774 120 2841 uno
144 2751 210 2841 fit,
236 2771 316 2849 quae
349 2747 444 2820 sacta
479 2747 628 2844 quidem
656 2745 756 2838 sunt,
781 2746 820 2822 δι
843 2748 907 2823 Ec·

58 2848 168 2937 cleiiae
183 2848 346 2923 moribus
360 2842 596 2920 informandis
607 2863 711 2945 apta,
732 2847 778 2919 ad
794 2842 910 2921 fidene

58 2968 181 3049 tamen
207 2970 283 3024 non
308 2944 515 3046 pertinent,
541 2964 612 3018 nuc
635 2941 787 3029 exndei
812 2945 909 3061 qrirr·

804 3063 836 3113 cr
865 3065 909 3117 ns

100 3156 152 3237 (b)
175 3149 213 3225 In
237 3152 360 3221 Prooen
384 3148 541 3221 comment.
562 3139 586 3219 l.
608 3167 641 3233 3.
655 3143 748 3242 [uper
768 3065 862 3241 rprji.p
871 3141 914 3215 a

150 3231 255 3302 Galat.
537 3237 624 3336 Q4
