2108 3698
262 154 463 273 pubiicum
487 154 580 244 eccle
595 154 778 272 ufiirrnn
863 174 948 277 223

98 303 947 405 eriescopiiseacierrnnvarrstiaetare=„n²am

100 454 128 499 „
154 406 310 495 cletus,
345 407 483 504 inquit,
511 404 597 479 teste
622 407 802 483 Anastaflo
821 407 948 485 Biblio-

101 500 319 598 „'thecario
345 527 389 578 ex
406 504 589 590 Damaso,
615 506 848 603 Presbyteros
879 510 954 583 Ro-

95 636 128 695 ·„
151 626 224 677 mae
248 604 293 675 ad
319 606 446 703 viginti
473 603 640 701 quinque.
664 628 858 680 numerum
889 630 951 681 an·

96 732 128 795 ·„
151 704 232 777 xit:
249 702 437 775 -Evaristus
463 724 552 775 vero
576 701 828 798 Apostolorum
858 704 949 781 insti·

102 846 127 891 „
149 820 237 875 tnto
249 796 299 873 ad
310 799 549 899 septenarium
569 822 760 876 numerum
777 804 814 877 in
832 804 950 880 Eccle-

95 946 128 991 ·„
152 896 198 974 fit
214 900 381 974 Romana
397 899 581 971 Diaconos
604 900 766 997 redegit,
798 902 836 977 ἃ
861 906 949 977 ritu.

98 1038 127 1089 ·„
153 996 211 1073 ios
231 999 269 1071 in
290 997 613 1094 urbe-Presbyteris
629 997 766 1086 divifit,
782 1020 824 1073 nt
843 1023 951 1078 nnus·

97 1098 310 1197 „quisque
334 1092 402 1167 suae
427 1101 584 1191 paraeciae
612 1098 835 1171 terminis&
863 1101 950 1174 iimi-

101 1243 127 1287 „
150 1196 253 1270 tibus
275 1191 584 1292 destingueretur.
605 1249 614 1266 .
634 1247 643 1266 .
665 1194 727 1268 .&
745 1214 833 1270 tunc
852 1198 949 1273 Pter-

100 1341 126 1384 „
152 1295 370 1394 byterornm
387 1290 632 1366 Cardinaiiurn
649 1314 785 1364 nomen
800 1290 950 1385 effinxit,
1034 1358 1037 1365 ,

93 1422 128 1483 ·,,
152 1414 197 1467 ut
219 1390 249 1465 is
274 1390 406 1464 scilicet
429 1389 610 1463 diceretur
640 1391 834 1490 Presbyter
861 1394 951 1468 Car.

101 1534 126 1581 „
151 1488 305 1576 dinaiis,
324 1494 384 1585 qui
396 1490 533 1561 caeteris
553 1488 774 1586 presbyteris
789 1489 953 1581 ejusdem

95 1634 128 1677 -„
151 1586 249 1663 tituli
270 1583 430 1685 praeeiiet
445 1632 487 1670 ,‚.
538 1587 675 1660 Verum
696 1587 787 1663 {alva
801 1592 953 1691 Eugenii

94 1686 139 1763 ἃ
153 1686 340 1777 Onuphrii
359 1684 531 1758 sententia
547 1684 791 1762 Cardinalinm
817 1712 952 1763 nornen

92 1784 142 1861 in
169 1782 371 1863 Annalibus
395 1782 641 1859 Ecciefiaiiicis
671 1805 756 1859 anre
781 1785 952 1885 Sylveiiri

92 1904 222 1959 nevum
238 1906 314 1956 non
332 1881 511 1983 legimus,
537 1907 610 1987 qno
638 1886 675 1957 in
696 1884 864 1959 Concilio
882 1889 951 1963 Ro·

103 2002 212 2059 mano
225 1978 326 2057 can.
346 1993 380 2058 6.
407 1980 580 2055 sancitum
601 1978 693 2068 fnit:
731 1995 774 2053 ut
792 1976 953 2073 Diaron}

103 2102 174 2155 non
193 2078 301 2177 ffnt
311 2080 435 2178 plures
443 2096 512 2177 per
528 2073 782 2150 Paroclrirrrum
796 2103 954 2166 examen,

97 2177 317 2282 quatriduo,
345 2178 393 2255 θ’
418 2173 622 2251 Cardrirales
646 2170 746 2248 urbis
765 2175 883 2251 Roma
897 2176 953 2273 se·

69 2274 209 2378 “ptem
248 2278 382 2372 'Atque
411 2277 445 2347 hi
471 2274 606 2359 sentem
635 2276 811 2361 prioribus
834 2279 953 2353 Eccie·

100 2374 160 2453 (ια
182 2373 306 2451 seculis
335 2371 539 2448 Grrdinnles
555 2375 592 2448 &
609 2373 826 2476 Regionrrrr'i
847 2398 953 2450 voca·

104 2474 255 2549 bentnrr
283 2475 492 2549 Cardinaies
506 2475 677 2571 quidem,
703 2473 891 2568 qniaiieet
905 2474 955 2547 di·

82 2572 212 2669 ,verns
225 2578 261 2647 in
280 2572 371 2646 iocis
387 2592 557 2668 agerent,
581 2573 617 2646 in
636 2590 710 2642 uno
728 2590 850 2643 tamen
870 2574 961 2645 coni

97 2670 317 2747 tinebantur
342 2671 512 2767 principis
543 2669 703 2743 Ecciefiae
729 2671 895 2755 cardine,
930 2698 954 2747 a

98 2794 175 2867 qua
200 2770 435 2871 pendebant,
460 2784 502 2837 ut
523 2770 705 2841 acardine
729 2766 855 2856 janna:
887 2770 954 2844 Re·
984 2772 987 2777 ’

105 2872 257 2969 gionarii
272 2890 388 2951 vero,
415 2865 585 2962 quoniam
610 2890 632 2939 e
657 2868 692 2938 S.
704 2867 846 2938 Fabiani
866 2866 954 2941 Pon·
1008 2910 1011 2915 -

107 2966 213 3042 tificis
237 2966 401 3041 instituto
427 2962 698 3059 quatuordecim
723 2968 819 3037 urbis
840 2962 955 3065 regin·

107 3069 213 3139 nibus
232 3081 432 3163 praeerant,
460 3061 509 3133 ita
529 3079 570 3130 ut
587 3058 708 3153 singuli
731 3062 821 3134 binis
842 3068 955 3158 regio·

106 3166 212 3243 nibus
230 3159 409 3265 prepoiiti
421 3181 621 3259 pauperum
640 3160 676 3228 in
692 3158 733 3233 iis
743 3158 954 3267 degentium

94 3296 97 3301 ·
898 3282 959 3335 tn·
