2108 3698
259 174 474 291 Tbenlogiae
503 174 694 295 Postrioae.
818 204 900 291 291

51 347 143 407 tum
174 350 220 403 ex
252 327 451 403 incredibili
482 330 637 424 quadam
662 327 701 404 ὅ(
725 322 830 429 plane
854 328 905 407 dl·

61 431 148 504 vina
181 428 443 526 conspiratione
475 446 588 524 atque
620 427 815 505 concordia
846 444 910 502 tot·

65 535 251 610 virorum,
275 531 341 624 qui
365 522 509 600 diversis
533 524 642 616 locis,
665 526 904 622 tenporibus,

64 622 198 725 linguis
217 623 313 699 sacra
331 621 520 698 volumina
537 620 838 723 conscripserunt,
864 644 907 697 ue

65 745 144 799 non
181 743 257 797 tam
301 720 362 817 ipfi
388 722 590 820 Scriptores
616 723 764 812 diversi,
819 746 907 812 uam

67 822 175 896 unios
209 819 400 917 Scriptoris
426 819 553 895 diversi
574 819 705 896 'calami
729 747 830 898 fuitie
856 821 906 894 ui·
932 862 935 867 ·

66 920 247 995 ‹leanturt
290 934 370 996 tum
402 940 448 995 ex
478 915 677 994 innumeris
708 918 907 1007 miraculis,

67 1040 149 1115 quae
172 1015 343 1095 omnibus,
364 1014 486 1092 seculis
510 1013 601 1093 uua
624 1015 773 1094 fuerunt
795 1021 842 1111 ad
866 1040 911 1093 ea

18 1128 23 1133 '
67 1118 242 1217 dogmata
273 1116 570 1214 comprobanda,
610 1136 692 1215 que
723 1118 762 1189 in
794 1119 921 1215 Sapcrie

68 1214 127 1290 his
154 1212 286 1287 Literit
310 1214 570 1289 continentur:
597 1233 677 1293 tum
699 1237 744 1288 cx
768 1232 827 1289 tot
850 1238 914 1313 po·

10 1340 13 1345 ·
67 1311 240 1414 polorum
270 1308 463 1388 Christiani
493 1312 620 1399 orbis,
650 1314 914 1410 nationumque

67 1405 263 1495 consensu,
290 1408 511 1508 scripturam
541 1412 636 1486 hauc
661 1431 835 1507 tanquam
861 1410 915 1485 ‹li-
984 1406 990 1419 ’

67 1512 195 1584 vinam
233 1507 383 1584 civitate
421 1505 649 1587 donantium.
713 1509 835 1586 Postea
867 1508 916 1580 ad

71 1608 224 1682 brevem
253 1605 432 1700 ,librorum
463 1603 644 1686 sacrorum
670 1606 831 1707 synopfin
856 1628 914 1681 ex·

53 1705 266 1781 (bibendam
291 1707 510 1805 proceditur.

70 1852 74 1857 -
129 1800 267 1898 Genefis
299 1804 410 1880 totius
443 1803 570 1880 mundi
591 1818 624 1879 'a
659 1806 741 1882 Deo
776 1802 916 1887 conditi

72 1904 273 2001 originem,
301 1904 338 1977 ὅ(
361 1898 648 1995 Patriarcharum
667 1905 712 1975 ab
728 1904 845 1975 Adam
860 1926 917 1983 us·

72 2023 147 2097 que
165 2001 210 2076 ad
230 2001 354 2089 lacobi
373 2002 537 2096 Nepotes
557 1994 918 2094 genealogiamcom·
1020 2085 1024 2090 p

72 2097 266 2199 plebitut,
289 2096 440 2194 periodo
458 2104 637 2168 bonorum
654 2104 765 2185 2369.
825 2094 930 2169 Exn?
974 2109 978 2121 '

10 2262 13 2271 .
69 2191 138 2275 dus
154 2192 386 2268 israelitarum
402 2214 446 2269 ex
457 2192 617 2364 AEpypto
632 2189 808 2291 egressum
827 2195 923 2270 duce

73 2291 198 2380 Mose,
224 2288 263 2366 ἃ
278 2312 356 2390 quae
377 2311 483 2367 antea
566 2287 642 2391 poll
662 2292 919 2393 contigerunt,

10 2486 21 2493 ι
75 2394 132 2468 uri
159 2391 282 2490 plagas
306 2390 474 2490 AEgypti‚
499 2390 828 2507 peregrinationem
855 2412 922 2490 pet

72 2488 922 2696 bru’interueniunt‘aaz:

10 2726 16 2735 ·
74 2688 225 2776 moniis,
243 2687 419 2761 sacrificiis
436 2686 472 2759 ὅ(
488 2683 581 2759 fellis
599 2684 814 2780 solemnibus
833 2685 924 2764 Peu-

29 2794 34 2803 '
79 2786 254 2874 recostes,
273 2782 629 2875 sabernaculum,
644 2786 832 2862 Tubarutn
850 2786 942 2865 bro..

79 2886 315 2987 plenarium,
354 2880 489 2959 nonnisi
515 2879 597 2955 ouo
623 2884 762 2960 dierum
789 2883 924 2985 spatio,

32 3004 40 3011 ·
77 3022 80 3027 ·
107 3004 175 3061 uot
198 2982 333 3059 scilicet
357 2981 510 3058 Aaronis
530 2979 606 3075 ejus
632 3004 678 3055 ue
701 2982 781 3061 liliis
803 2986 925 3060 Sacer«

82 3011 197 3161 ionii
221 3105 371 3160 munere
403 3005 659 3178 inauguranirs
689 3079 836 3158 fuerunt
861 3084 925 3156 im·

83 3179 195 3283 penfi·
243 3182 284 3256 ln
307 3182 399 3259 libro
428 3179 665 3261 Numerarem
688 3197 925 3263 numerantur

477 3279 561 3357 Ta
815 3297 931 3385 popu·
