<?xml version="1.0" encoding="UTF-8"?>
<!DOCTYPE html PUBLIC "-//W3C//DTD XHTML 1.0 Transitional//EN"
    "http://www.w3.org/TR/xhtml1/DTD/xhtml1-transitional.dtd">
<html xmlns="http://www.w3.org/1999/xhtml" xml:lang="en" lang="en">
 <head>
  <title>
</title>
<meta http-equiv="Content-Type" content="text/html;charset=utf-8" />
  <meta name='ocr-system' content='tesseract 3.04.00' />
  <meta name='ocr-capabilities' content='ocr_page ocr_carea ocr_par ocr_line ocrx_word'/>
</head>
<body>
  <div class='ocr_page' id='page_1' title='image "./bibliothecadome03manngoog_0480.png"; bbox 0 0 2108 3698; ppageno 0'>
   <div class='ocr_carea' id='block_1_1' title="bbox 118 110 852 283">
    <p class='ocr_par' dir='ltr' id='par_1_1' title="bbox 118 110 852 283">
     <span class='ocr_line' id='line_1_1' title="bbox 118 110 852 283; baseline 0.011 -29"><span class='ocrx_word' id='word_1_1' title='bbox 118 167 224 255; x_wconf 80' lang='lat' dir='ltr'>dotet</span> <span class='ocrx_word' id='word_1_2' title='bbox 239 192 283 253; x_wconf 87' lang='lat' dir='ltr'>ac</span> <span class='ocrx_word' id='word_1_3' title='bbox 298 167 468 254; x_wconf 84' lang='lat' dir='ltr'>uarietas</span> <span class='ocrx_word' id='word_1_4' title='bbox 485 141 713 279; x_wconf 74' lang='lat' dir='ltr'>lleologiae.</span> <span class='ocrx_word' id='word_1_5' title='bbox 777 110 852 283; x_wconf 17' lang='lat'>⁴33</span> 
     </span>
    </p>
   </div>
   <div class='ocr_carea' id='block_1_2' title="bbox 68 307 854 502">
    <p class='ocr_par' dir='ltr' id='par_1_2' title="bbox 68 307 854 502">
     <span class='ocr_line' id='line_1_2' title="bbox 68 307 854 413; baseline 0 -22"><span class='ocrx_word' id='word_1_6' title='bbox 68 316 71 391; x_wconf 91' lang='lat' dir='ltr'>l</span> <span class='ocrx_word' id='word_1_7' title='bbox 103 316 188 389; x_wconf 89' lang='lat' dir='ltr'>data</span> <span class='ocrx_word' id='word_1_8' title='bbox 216 313 435 402; x_wconf 85' lang='lat' dir='ltr'>occafione,</span> <span class='ocrx_word' id='word_1_9' title='bbox 460 307 700 413; x_wconf 68' lang='lat' dir='ltr'>⁴potiffimum</span> <span class='ocrx_word' id='word_1_10' title='bbox 725 337 854 392; x_wconf 89' lang='lat' dir='ltr'>contra</span> 
     </span>
     <span class='ocr_line' id='line_1_3' title="bbox 68 412 854 502; baseline -0.003 -11"><span class='ocrx_word' id='word_1_11' title='bbox 68 416 200 491; x_wconf 77' lang='lat' dir='ltr'>reticos</span> <span class='ocrx_word' id='word_1_12' title='bbox 208 412 499 502; x_wconf 80' lang='lat' dir='ltr'>Valentinianos,</span> <span class='ocrx_word' id='word_1_13' title='bbox 512 415 745 498; x_wconf 86' lang='lat' dir='ltr'>Manichaeos‚</span> <span class='ocrx_word' id='word_1_14' title='bbox 754 418 854 489; x_wconf 80' lang='lat' dir='ltr'>Atia·</span> 
     </span>
    </p>
   </div>
   <div class='ocr_carea' id='block_1_3' title="bbox 68 504 979 612">
    <p class='ocr_par' dir='ltr' id='par_1_3' title="bbox 68 504 979 612">
     <span class='ocr_line' id='line_1_4' title="bbox 68 504 979 612; baseline -0.009 -25"><span class='ocrx_word' id='word_1_15' title='bbox 68 536 99 603; x_wconf 76' lang='lat' dir='ltr'>t,</span> <span class='ocrx_word' id='word_1_16' title='bbox 124 511 334 610; x_wconf 79' lang='lat' dir='ltr'>Pelagianos</span> <span class='ocrx_word' id='word_1_17' title='bbox 356 513 428 587; x_wconf 72' lang='lat' dir='ltr'>&amp;n</span> <span class='ocrx_word' id='word_1_18' title='bbox 453 507 568 587; x_wconf 68' lang='lat' dir='ltr'>doctis</span> <span class='ocrx_word' id='word_1_19' title='bbox 590 504 702 612; x_wconf 80' lang='lat' dir='ltr'>atque</span> <span class='ocrx_word' id='word_1_20' title='bbox 723 512 855 588; x_wconf 86' lang='lat' dir='ltr'>subtili·</span> <span class='ocrx_word' id='word_1_21' title='bbox 975 572 979 579; x_wconf 88' lang='lat'><em>.</em></span> 
     </span>
    </p>
   </div>
   <div class='ocr_carea' id='block_1_4' title="bbox 68 610 938 3367">
    <p class='ocr_par' dir='ltr' id='par_1_4' title="bbox 68 610 938 3367">
     <span class='ocr_line' id='line_1_5' title="bbox 68 610 854 713; baseline 0.003 -28"><span class='ocrx_word' id='word_1_22' title='bbox 68 635 75 685; x_wconf 82' lang='lat' dir='ltr'>t</span> <span class='ocrx_word' id='word_1_23' title='bbox 109 610 409 710; x_wconf 80' lang='lat' dir='ltr'>disputationibus</span> <span class='ocrx_word' id='word_1_24' title='bbox 441 632 661 709; x_wconf 80' lang='lat' dir='ltr'>pugnarunt.</span> <span class='ocrx_word' id='word_1_25' title='bbox 720 615 854 713; x_wconf 78' lang='lat' dir='ltr'>Neque</span> 
     </span>
     <span class='ocr_line' id='line_1_6' title="bbox 68 707 854 787; baseline 0.004 -4"><span class='ocrx_word' id='word_1_26' title='bbox 68 708 211 783; x_wconf 90' lang='lat' dir='ltr'>ltitnum</span> <span class='ocrx_word' id='word_1_27' title='bbox 248 707 454 784; x_wconf 69' lang='lat' dir='ltr'>Dialefflcae</span> <span class='ocrx_word' id='word_1_28' title='bbox 487 707 590 787; x_wconf 88' lang='lat' dir='ltr'>usum</span> <span class='ocrx_word' id='word_1_29' title='bbox 622 710 777 786; x_wconf 85' lang='lat' dir='ltr'>idcirco·</span> <span class='ocrx_word' id='word_1_30' title='bbox 794 736 854 786; x_wconf 84' lang='lat' dir='ltr'>ne·</span> 
     </span>
     <span class='ocr_line' id='line_1_7' title="bbox 68 806 854 909; baseline 0.006 -29"><span class='ocrx_word' id='word_1_31' title='bbox 68 829 146 909; x_wconf 66' lang='lat' dir='ltr'>pote</span> <span class='ocrx_word' id='word_1_32' title='bbox 165 826 336 905; x_wconf 84' lang='lat' dir='ltr'>oportet,</span> <span class='ocrx_word' id='word_1_33' title='bbox 370 809 470 905; x_wconf 89' lang='lat' dir='ltr'>quod</span> <span class='ocrx_word' id='word_1_34' title='bbox 494 830 537 881; x_wconf 87' lang='lat' dir='ltr'>ca</span> <span class='ocrx_word' id='word_1_35' title='bbox 561 806 670 883; x_wconf 86' lang='lat' dir='ltr'>multi</span> <span class='ocrx_word' id='word_1_36' title='bbox 690 813 854 885; x_wconf 88' lang='lat' dir='ltr'>Novato·</span> 
     </span>
     <span class='ocr_line' id='line_1_8' title="bbox 91 903 856 983; baseline 0.001 -1"><span class='ocrx_word' id='word_1_37' title='bbox 91 904 231 981; x_wconf 79' lang='lat' dir='ltr'>fuerint</span> <span class='ocrx_word' id='word_1_38' title='bbox 254 903 379 978; x_wconf 84' lang='lat' dir='ltr'>abufi..</span> <span class='ocrx_word' id='word_1_39' title='bbox 416 909 513 980; x_wconf 86' lang='lat' dir='ltr'>Nam</span> <span class='ocrx_word' id='word_1_40' title='bbox 528 923 569 979; x_wconf 87' lang='lat' dir='ltr'>ut</span> <span class='ocrx_word' id='word_1_41' title='bbox 585 904 671 981; x_wconf 88' lang='lat' dir='ltr'>scite</span> <span class='ocrx_word' id='word_1_42' title='bbox 687 907 856 983; x_wconf 85' lang='lat' dir='ltr'>observat</span> 
     </span>
     <span class='ocr_line' id='line_1_9' title="bbox 68 998 859 1105; baseline -0.005 -26"><span class='ocrx_word' id='word_1_43' title='bbox 68 1003 275 1103; x_wconf 80' lang='lat' dir='ltr'>lugullinus</span> <span class='ocrx_word' id='word_1_44' title='bbox 301 1002 373 1097; x_wconf 84' lang='lat' dir='ltr'>(l):</span> <span class='ocrx_word' id='word_1_45' title='bbox 397 1002 535 1105; x_wconf 80' lang='lat' dir='ltr'>alioqui</span> <span class='ocrx_word' id='word_1_46' title='bbox 549 1017 623 1102; x_wconf 86' lang='lat' dir='ltr'>pro</span> <span class='ocrx_word' id='word_1_47' title='bbox 638 998 767 1103; x_wconf 78' lang='lat' dir='ltr'>patria</span> <span class='ocrx_word' id='word_1_48' title='bbox 787 1009 859 1082; x_wconf 53' lang='lat' dir='ltr'>mit</span> 
     </span>
     <span class='ocr_line' id='line_1_10' title="bbox 73 1098 854 1204; baseline -0.001 -25"><span class='ocrx_word' id='word_1_49' title='bbox 73 1112 150 1179; x_wconf 74' lang='lat' dir='ltr'>non</span> <span class='ocrx_word' id='word_1_50' title='bbox 176 1098 367 1176; x_wconf 80' lang='lat' dir='ltr'>armandus</span> <span class='ocrx_word' id='word_1_51' title='bbox 397 1102 504 1199; x_wconf 78' lang='lat' dir='ltr'>effet,</span> <span class='ocrx_word' id='word_1_52' title='bbox 560 1098 623 1176; x_wconf 82' lang='lat' dir='ltr'>u&#39;ia</span> <span class='ocrx_word' id='word_1_53' title='bbox 644 1119 772 1189; x_wconf 77' lang='lat' dir='ltr'>contra</span> <span class='ocrx_word' id='word_1_54' title='bbox 789 1122 854 1204; x_wconf 86' lang='lat' dir='ltr'>pa·</span> 
     </span>
     <span class='ocr_line' id='line_1_11' title="bbox 68 1127 854 1303; baseline 0.004 -28"><span class='ocrx_word' id='word_1_55' title='bbox 68 1226 123 1281; x_wconf 72' lang='lat' dir='ltr'>nra</span> <span class='ocrx_word' id='word_1_56' title='bbox 135 1202 295 1303; x_wconf 75' lang='lat' dir='ltr'>nonnulli</span> <span class='ocrx_word' id='word_1_57' title='bbox 310 1127 656 1301; x_wconf 62' lang='lat' dir='ltr'>armastamprirunt.</span> <span class='ocrx_word' id='word_1_58' title='bbox 713 1198 854 1292; x_wconf 83' lang='lat' dir='ltr'>Tertio,</span> 
     </span>
     <span class='ocr_line' id='line_1_12' title="bbox 68 1296 855 1397; baseline 0.001 -22"><span class='ocrx_word' id='word_1_59' title='bbox 68 1302 155 1376; x_wconf 87' lang='lat' dir='ltr'>tndo</span> <span class='ocrx_word' id='word_1_60' title='bbox 185 1303 223 1374; x_wconf 89' lang='lat' dir='ltr'>in</span> <span class='ocrx_word' id='word_1_61' title='bbox 255 1301 373 1374; x_wconf 86' lang='lat' dir='ltr'>varias</span> <span class='ocrx_word' id='word_1_62' title='bbox 398 1300 527 1375; x_wconf 83' lang='lat' dir='ltr'>leholae</span> <span class='ocrx_word' id='word_1_63' title='bbox 552 1296 744 1397; x_wconf 82' lang='lat' dir='ltr'>opiniones</span> <span class='ocrx_word' id='word_1_64' title='bbox 769 1300 855 1377; x_wconf 89' lang='lat' dir='ltr'>scin·</span> 
     </span>
     <span class='ocr_line' id='line_1_13' title="bbox 68 1395 855 1498; baseline -0.006 -19"><span class='ocrx_word' id='word_1_65' title='bbox 68 1418 146 1479; x_wconf 71' lang='lat' dir='ltr'>itur</span> <span class='ocrx_word' id='word_1_66' title='bbox 160 1395 196 1473; x_wconf 91' lang='lat' dir='ltr'>in</span> <span class='ocrx_word' id='word_1_67' title='bbox 214 1399 343 1484; x_wconf 88' lang='lat' dir='ltr'>rebus,</span> <span class='ocrx_word' id='word_1_68' title='bbox 368 1422 460 1496; x_wconf 87' lang='lat' dir='ltr'>quas</span> <span class='ocrx_word' id='word_1_69' title='bbox 476 1422 544 1473; x_wconf 81' lang='lat' dir='ltr'>nec</span> <span class='ocrx_word' id='word_1_70' title='bbox 560 1400 759 1498; x_wconf 83' lang='lat' dir='ltr'>Scriptura,</span> <span class='ocrx_word' id='word_1_71' title='bbox 783 1422 855 1485; x_wconf 81' lang='lat' dir='ltr'>nec</span> 
     </span>
     <span class='ocr_line' id='line_1_14' title="bbox 68 1496 856 1584; baseline -0.003 -11"><span class='ocrx_word' id='word_1_72' title='bbox 68 1496 181 1584; x_wconf 68' lang='lat' dir='ltr'>titia,</span> <span class='ocrx_word' id='word_1_73' title='bbox 210 1520 279 1571; x_wconf 87' lang='lat' dir='ltr'>nec</span> <span class='ocrx_word' id='word_1_74' title='bbox 303 1496 449 1572; x_wconf 89' lang='lat' dir='ltr'>Pattum</span> <span class='ocrx_word' id='word_1_75' title='bbox 476 1496 665 1573; x_wconf 77' lang='lat' dir='ltr'>consensus</span> <span class='ocrx_word' id='word_1_76' title='bbox 690 1516 756 1572; x_wconf 88' lang='lat' dir='ltr'>aut</span> <span class='ocrx_word' id='word_1_77' title='bbox 780 1521 856 1571; x_wconf 84' lang='lat' dir='ltr'>ma-</span> 
     </span>
     <span class='ocr_line' id='line_1_15' title="bbox 68 1592 856 1697; baseline -0.003 -26"><span class='ocrx_word' id='word_1_78' title='bbox 68 1595 136 1671; x_wconf 79' lang='lat' dir='ltr'>rlia</span> <span class='ocrx_word' id='word_1_79' title='bbox 159 1597 251 1669; x_wconf 84' lang='lat' dir='ltr'>tatio</span> <span class='ocrx_word' id='word_1_80' title='bbox 278 1595 381 1671; x_wconf 90' lang='lat' dir='ltr'>nobis</span> <span class='ocrx_word' id='word_1_81' title='bbox 406 1595 598 1694; x_wconf 78' lang='lat' dir='ltr'>patefacit,</span> <span class='ocrx_word' id='word_1_82' title='bbox 623 1592 755 1695; x_wconf 79' lang='lat' dir='ltr'>magna</span> <span class='ocrx_word' id='word_1_83' title='bbox 779 1595 856 1697; x_wconf 82' lang='lat' dir='ltr'>qui·</span> 
     </span>
     <span class='ocr_line' id='line_1_16' title="bbox 68 1691 855 1791; baseline -0.003 -20"><span class='ocrx_word' id='word_1_84' title='bbox 68 1718 96 1771; x_wconf 91' lang='lat' dir='ltr'>n</span> <span class='ocrx_word' id='word_1_85' title='bbox 124 1692 300 1783; x_wconf 74' lang='lat' dir='ltr'>sentiendi</span> <span class='ocrx_word' id='word_1_86' title='bbox 330 1691 475 1769; x_wconf 87' lang='lat' dir='ltr'>libertas</span> <span class='ocrx_word' id='word_1_87' title='bbox 504 1697 746 1791; x_wconf 73' lang='lat' dir='ltr'>conceditur,</span> <span class='ocrx_word' id='word_1_88' title='bbox 783 1716 855 1769; x_wconf 85' lang='lat' dir='ltr'>nec</span> 
     </span>
     <span class='ocr_line' id='line_1_17' title="bbox 70 1792 854 1894; baseline 0 -27"><span class='ocrx_word' id='word_1_89' title='bbox 70 1793 180 1867; x_wconf 78' lang='lat' dir='ltr'>nnius</span> <span class='ocrx_word' id='word_1_90' title='bbox 206 1794 320 1866; x_wconf 86' lang='lat' dir='ltr'>verba</span> <span class='ocrx_word' id='word_1_91' title='bbox 344 1793 503 1891; x_wconf 82' lang='lat' dir='ltr'>Magistri</span> <span class='ocrx_word' id='word_1_92' title='bbox 526 1792 647 1889; x_wconf 76' lang='lat' dir='ltr'>jurato</span> <span class='ocrx_word' id='word_1_93' title='bbox 671 1816 765 1894; x_wconf 84' lang='lat' dir='ltr'>opus</span> <span class='ocrx_word' id='word_1_94' title='bbox 791 1792 854 1867; x_wconf 88' lang='lat' dir='ltr'>est.</span> 
     </span>
     <span class='ocr_line' id='line_1_18' title="bbox 68 1886 856 1991; baseline 0.004 -28"><span class='ocrx_word' id='word_1_95' title='bbox 68 1892 151 1988; x_wconf 75' lang='lat' dir='ltr'>Quo</span> <span class='ocrx_word' id='word_1_96' title='bbox 170 1889 276 1979; x_wconf 94' lang='lat' dir='ltr'>loco,</span> <span class='ocrx_word' id='word_1_97' title='bbox 303 1893 421 1991; x_wconf 88' lang='lat' dir='ltr'>inquit</span> <span class='ocrx_word' id='word_1_98' title='bbox 437 1886 656 1969; x_wconf 76' lang='lat' dir='ltr'>dotttffimus</span> <span class='ocrx_word' id='word_1_99' title='bbox 671 1892 856 1991; x_wconf 80' lang='lat' dir='ltr'>Melchiot</span> 
     </span>
     <span class='ocr_line' id='line_1_19' title="bbox 68 1988 858 2085; baseline -0.005 -20"><span class='ocrx_word' id='word_1_100' title='bbox 68 1988 188 2065; x_wconf 80' lang='lat' dir='ltr'>Canus</span> <span class='ocrx_word' id='word_1_101' title='bbox 219 2013 264 2063; x_wconf 85' lang='lat' dir='ltr'>ex</span> <span class='ocrx_word' id='word_1_102' title='bbox 289 1990 385 2062; x_wconf 87' lang='lat' dir='ltr'>Otd.</span> <span class='ocrx_word' id='word_1_103' title='bbox 418 1990 565 2081; x_wconf 79' lang='lat' dir='ltr'>Praedic.</span> <span class='ocrx_word' id='word_1_104' title='bbox 591 1988 670 2085; x_wconf 91' lang='lat' dir='ltr'>(m)</span> <span class='ocrx_word' id='word_1_105' title='bbox 696 1989 778 2062; x_wconf 83' lang='lat' dir='ltr'>lane</span> <span class='ocrx_word' id='word_1_106' title='bbox 802 2012 858 2061; x_wconf 90' lang='lat' dir='ltr'>ar·</span> 
     </span>
     <span class='ocr_line' id='line_1_20' title="bbox 68 2081 938 2189; baseline -0.006 -27"><span class='ocrx_word' id='word_1_107' title='bbox 68 2087 195 2189; x_wconf 70' lang='lat' dir='ltr'>pucndi</span> <span class='ocrx_word' id='word_1_108' title='bbox 227 2087 307 2160; x_wconf 88' lang='lat' dir='ltr'>sunt</span> <span class='ocrx_word' id='word_1_109' title='bbox 336 2083 544 2159; x_wconf 78' lang='lat' dir='ltr'>scholastici</span> <span class='ocrx_word' id='word_1_110' title='bbox 571 2081 758 2170; x_wconf 86' lang='lat' dir='ltr'>nonnulli,</span> <span class='ocrx_word' id='word_1_111' title='bbox 790 2084 859 2181; x_wconf 90' lang='lat' dir='ltr'>qui</span> <span class='ocrx_word' id='word_1_112' title='bbox 931 2120 938 2139; x_wconf 85' lang='lat'><em>·</em></span> 
     </span>
     <span class='ocr_line' id='line_1_21' title="bbox 68 2178 859 2281; baseline 0 -26"><span class='ocrx_word' id='word_1_113' title='bbox 68 2206 118 2261; x_wconf 74' lang='grc' dir='ltr'>κ.</span> <span class='ocrx_word' id='word_1_114' title='bbox 141 2185 384 2281; x_wconf 83' lang='lat' dir='ltr'>opinionum,</span> <span class='ocrx_word' id='word_1_115' title='bbox 443 2203 506 2255; x_wconf 88' lang='lat' dir='ltr'>uas</span> <span class='ocrx_word' id='word_1_116' title='bbox 530 2182 576 2258; x_wconf 80' lang='lat' dir='ltr'>-in</span> <span class='ocrx_word' id='word_1_117' title='bbox 608 2178 727 2277; x_wconf 61' lang='lat' dir='ltr'>scholp</span> <span class='ocrx_word' id='word_1_118' title='bbox 756 2203 859 2255; x_wconf 58' lang='lat' dir='ltr'>aecer</span> 
     </span>
     <span class='ocr_line' id='line_1_22' title="bbox 68 2205 860 2381; baseline -0.004 -26"><span class='ocrx_word' id='word_1_119' title='bbox 68 2298 220 2381; x_wconf 80' lang='lat' dir='ltr'>petunt,</span> <span class='ocrx_word' id='word_1_120' title='bbox 245 2205 460 2379; x_wconf 71' lang='lat' dir='ltr'>proeiudicils</span> <span class='ocrx_word' id='word_1_121' title='bbox 477 2280 597 2380; x_wconf 20' lang='lat' dir='ltr'>¹Vir-os</span> <span class='ocrx_word' id='word_1_122' title='bbox 621 2277 763 2369; x_wconf 84' lang='lat' dir='ltr'>aliquos</span> <span class='ocrx_word' id='word_1_123' title='bbox 787 2278 860 2381; x_wconf 79' lang='lat' dir='ltr'>Ca·</span> 
     </span>
     <span class='ocr_line' id='line_1_23' title="bbox 68 2376 858 2479; baseline -0.013 -20"><span class='ocrx_word' id='word_1_124' title='bbox 68 2380 218 2459; x_wconf 83' lang='lat' dir='ltr'>tholicos</span> <span class='ocrx_word' id='word_1_125' title='bbox 242 2381 338 2454; x_wconf 89' lang='lat' dir='ltr'>notis</span> <span class='ocrx_word' id='word_1_126' title='bbox 362 2379 588 2479; x_wconf 83' lang='lat' dir='ltr'>gravioribus</span> <span class='ocrx_word' id='word_1_127' title='bbox 613 2378 782 2461; x_wconf 86' lang='lat' dir='ltr'>inurunt,</span> <span class='ocrx_word' id='word_1_128' title='bbox 805 2376 858 2451; x_wconf 80' lang='lat' dir='ltr'>irl-</span> 
     </span>
     <span class='ocr_line' id='line_1_24' title="bbox 68 2475 859 2577; baseline -0.015 -22"><span class='ocrx_word' id='word_1_129' title='bbox 68 2502 134 2577; x_wconf 73' lang='lat' dir='ltr'>pue</span> <span class='ocrx_word' id='word_1_130' title='bbox 158 2497 260 2553; x_wconf 80' lang='lat' dir='ltr'>tanta</span> <span class='ocrx_word' id='word_1_131' title='bbox 283 2476 470 2568; x_wconf 80' lang='lat' dir='ltr'>facilitate,</span> <span class='ocrx_word' id='word_1_132' title='bbox 495 2496 537 2552; x_wconf 87' lang='lat' dir='ltr'>ut</span> <span class='ocrx_word' id='word_1_133' title='bbox 560 2479 694 2552; x_wconf 85' lang='lat' dir='ltr'>merito</span> <span class='ocrx_word' id='word_1_134' title='bbox 719 2475 859 2547; x_wconf 73' lang='lat' dir='ltr'>rideam</span> 
     </span>
     <span class='ocr_line' id='line_1_25' title="bbox 68 2568 879 2659; baseline -0.021 -1"><span class='ocrx_word' id='word_1_135' title='bbox 68 2578 136 2659; x_wconf 69' lang='lat' dir='ltr'>rur,</span> <span class='ocrx_word' id='word_1_136' title='bbox 201 2577 318 2650; x_wconf 88' lang='lat' dir='ltr'>Nobis</span> <span class='ocrx_word' id='word_1_137' title='bbox 349 2575 617 2649; x_wconf 82' lang='lat' dir='ltr'>autem·schola</span> <span class='ocrx_word' id='word_1_138' title='bbox 643 2568 764 2647; x_wconf 86' lang='lat' dir='ltr'>nollra</span> <span class='ocrx_word' id='word_1_139' title='bbox 786 2594 879 2646; x_wconf 64' lang='lat' dir='ltr'>mn.</span> 
     </span>
     <span class='ocr_line' id='line_1_26' title="bbox 68 2666 859 2779; baseline -0.01 -28"><span class='ocrx_word' id='word_1_140' title='bbox 68 2698 171 2779; x_wconf 65' lang='lat' dir='ltr'>gnam</span> <span class='ocrx_word' id='word_1_141' title='bbox 191 2677 339 2772; x_wconf 89' lang='lat' dir='ltr'>quidem</span> <span class='ocrx_word' id='word_1_142' title='bbox 361 2670 545 2751; x_wconf 80' lang='lat' dir='ltr'>licentiam</span> <span class='ocrx_word' id='word_1_143' title='bbox 569 2673 651 2758; x_wconf 87' lang='lat' dir='ltr'>dat,</span> <span class='ocrx_word' id='word_1_144' title='bbox 678 2689 721 2746; x_wconf 90' lang='lat' dir='ltr'>ut</span> <span class='ocrx_word' id='word_1_145' title='bbox 746 2666 859 2767; x_wconf 85' lang='lat' dir='ltr'>quod·</span> 
     </span>
     <span class='ocr_line' id='line_1_27' title="bbox 68 2765 859 2870; baseline -0.01 -19"><span class='ocrx_word' id='word_1_146' title='bbox 68 2796 205 2870; x_wconf 83' lang='lat' dir='ltr'>cunque</span> <span class='ocrx_word' id='word_1_147' title='bbox 230 2770 387 2846; x_wconf 86' lang='lat' dir='ltr'>maxime</span> <span class='ocrx_word' id='word_1_148' title='bbox 412 2771 525 2867; x_wconf 86' lang='lat' dir='ltr'>proba</span> <span class='ocrx_word' id='word_1_149' title='bbox 553 2768 599 2843; x_wconf 84' lang='lat' dir='ltr'>&#39;le</span> <span class='ocrx_word' id='word_1_150' title='bbox 617 2788 803 2858; x_wconf 77' lang='lat' dir='ltr'>occurrat,</span> <span class='ocrx_word' id='word_1_151' title='bbox 820 2765 859 2845; x_wconf 86' lang='lat' dir='ltr'>iti</span> 
     </span>
     <span class='ocr_line' id='line_1_28' title="bbox 68 2865 860 3037; baseline -0.011 -88"><span class='ocrx_word' id='word_1_152' title='bbox 68 2872 182 2951; x_wconf 86' lang='lat' dir='ltr'>nolito</span> <span class='ocrx_word' id='word_1_153' title='bbox 205 2871 286 2965; x_wconf 84' lang='lat' dir='ltr'>inre</span> <span class='ocrx_word' id='word_1_154' title='bbox 318 2868 407 2943; x_wconf 88' lang='lat' dir='ltr'>licet</span> <span class='ocrx_word' id='word_1_155' title='bbox 432 2865 540 2942; x_wconf 84' lang='lat' dir='ltr'>defen</span> <span class='ocrx_word' id='word_1_156' title='bbox 569 2900 589 2952; x_wconf 69' lang='lat' dir='ltr'>e</span> <span class='ocrx_word' id='word_1_157' title='bbox 648 2893 672 2942; x_wconf 78' lang='lat' dir='ltr'>a.</span> <span class='ocrx_word' id='word_1_158' title='bbox 697 2866 860 3037; x_wconf 73' lang='lat' dir='ltr'>ledlpon</span> 
     </span>
     <span class='ocr_line' id='line_1_29' title="bbox 715 2982 861 3055; baseline 0.021 -19"><span class='ocrx_word' id='word_1_159' title='bbox 715 2982 861 3055; x_wconf 60' lang='lat' dir='ltr'>„grcet</span> 
     </span>
     <span class='ocr_line' id='line_1_30' title="bbox 68 3072 858 3166; baseline -0.005 -21"><span class='ocrx_word' id='word_1_160' title='bbox 68 3082 96 3159; x_wconf 92' lang='lat' dir='ltr'>l)</span> <span class='ocrx_word' id='word_1_161' title='bbox 120 3074 191 3149; x_wconf 76' lang='lat' dir='ltr'>Lib.</span> <span class='ocrx_word' id='word_1_162' title='bbox 209 3104 238 3150; x_wconf 88' lang='lat'>1.</span> <span class='ocrx_word' id='word_1_163' title='bbox 259 3097 360 3147; x_wconf 76' lang='lat' dir='ltr'>ronna</span> <span class='ocrx_word' id='word_1_164' title='bbox 379 3078 551 3166; x_wconf 70' lang='lat' dir='ltr'>Crescunt.</span> <span class='ocrx_word' id='word_1_165' title='bbox 569 3096 601 3144; x_wconf 85' lang='lat'>1.</span> <span class='ocrx_word' id='word_1_166' title='bbox 686 3074 765 3161; x_wconf 83' lang='lat' dir='ltr'>(tn)</span> <span class='ocrx_word' id='word_1_167' title='bbox 784 3072 858 3161; x_wconf 62' lang='lat' dir='ltr'>hc,</span> 
     </span>
     <span class='ocr_line' id='line_1_31' title="bbox 119 3159 400 3249; baseline 0.004 -18"><span class='ocrx_word' id='word_1_168' title='bbox 119 3159 218 3231; x_wconf 66' lang='lat' dir='ltr'>Theoi.</span> <span class='ocrx_word' id='word_1_169' title='bbox 236 3161 258 3232; x_wconf 88' lang='lat' dir='ltr'>l.</span> <span class='ocrx_word' id='word_1_170' title='bbox 276 3178 307 3238; x_wconf 89' lang='lat'>8.</span> <span class='ocrx_word' id='word_1_171' title='bbox 325 3189 350 3233; x_wconf 84' lang='lat' dir='ltr'>c.</span> <span class='ocrx_word' id='word_1_172' title='bbox 368 3188 400 3249; x_wconf 78' lang='lat'>4.</span> 
     </span>
     <span class='ocr_line' id='line_1_32' title="bbox 68 3245 757 3367; baseline -0.001 -36"><span class='ocrx_word' id='word_1_173' title='bbox 68 3252 580 3339; x_wconf 62' lang='lat' dir='ltr'>{nuncupamini-mxu.</span> <span class='ocrx_word' id='word_1_174' title='bbox 621 3245 694 3341; x_wconf 74' lang='lat'>,0</span> <span class='ocrx_word' id='word_1_175' title='bbox 752 3332 757 3367; x_wconf 38' lang='grc' dir='ltr'>ι</span> 
     </span>
    </p>
   </div>
   <div class='ocr_carea' id='block_1_5' title="bbox 0 0 1060 3698">
    <p class='ocr_par' dir='ltr' id='par_1_5' title="bbox 0 0 1060 3698">
     <span class='ocr_line' id='line_1_33' title="bbox 0 0 1060 3698; baseline 0 0"><span class='ocrx_word' id='word_1_176' title='bbox 0 0 1060 3698; x_wconf 95' lang='lat' dir='ltr'> </span> 
     </span>
    </p>
   </div>
  </div>
 </body>
</html>
