<?xml version="1.0" encoding="UTF-8"?>
<!DOCTYPE html PUBLIC "-//W3C//DTD XHTML 1.0 Transitional//EN"
    "http://www.w3.org/TR/xhtml1/DTD/xhtml1-transitional.dtd">
<html xmlns="http://www.w3.org/1999/xhtml" xml:lang="en" lang="en">
 <head>
  <title>
</title>
<meta http-equiv="Content-Type" content="text/html;charset=utf-8" />
  <meta name='ocr-system' content='tesseract 3.04.00' />
  <meta name='ocr-capabilities' content='ocr_page ocr_carea ocr_par ocr_line ocrx_word'/>
</head>
<body>
  <div class='ocr_page' id='page_1' title='image "./bibliothecadome03manngoog_0452.png"; bbox 0 0 2100 3698; ppageno 0'>
   <div class='ocr_carea' id='block_1_1' title="bbox 169 171 904 288">
    <p class='ocr_par' dir='ltr' id='par_1_1' title="bbox 169 171 904 288">
     <span class='ocr_line' id='line_1_1' title="bbox 169 171 904 288; baseline -0.001 -28"><span class='ocrx_word' id='word_1_1' title='bbox 169 174 273 261; x_wconf 80' lang='lat' dir='ltr'>dotas</span> <span class='ocrx_word' id='word_1_2' title='bbox 300 200 346 260; x_wconf 84' lang='lat' dir='ltr'>oc</span> <span class='ocrx_word' id='word_1_3' title='bbox 369 173 539 259; x_wconf 80' lang='lat' dir='ltr'>uarietas</span> <span class='ocrx_word' id='word_1_4' title='bbox 566 171 793 286; x_wconf 72' lang='lat' dir='ltr'>lbeologiae.</span> <span class='ocrx_word' id='word_1_5' title='bbox 875 203 904 288; x_wconf 81' lang='lat'>3</span> 
     </span>
    </p>
   </div>
   <div class='ocr_carea' id='block_1_2' title="bbox 52 320 972 1310">
    <p class='ocr_par' dir='ltr' id='par_1_2' title="bbox 52 320 972 1310">
     <span class='ocr_line' id='line_1_2' title="bbox 52 320 906 399; baseline 0.004 -3"><span class='ocrx_word' id='word_1_6' title='bbox 52 320 99 399; x_wconf 80' lang='lat' dir='ltr'>dc</span> <span class='ocrx_word' id='word_1_7' title='bbox 124 322 258 396; x_wconf 89' lang='lat' dir='ltr'>divinis</span> <span class='ocrx_word' id='word_1_8' title='bbox 292 323 498 396; x_wconf 83' lang='lat' dir='ltr'>nominibus</span> <span class='ocrx_word' id='word_1_9' title='bbox 529 320 621 397; x_wconf 88' lang='lat' dir='ltr'>libro</span> <span class='ocrx_word' id='word_1_10' title='bbox 651 322 822 397; x_wconf 76' lang='lat' dir='ltr'>doierens</span> <span class='ocrx_word' id='word_1_11' title='bbox 857 324 906 399; x_wconf 79' lang='lat' dir='ltr'>de</span> 
     </span>
     <span class='ocr_line' id='line_1_3' title="bbox 52 418 907 519; baseline -0.004 -21"><span class='ocrx_word' id='word_1_12' title='bbox 52 424 162 498; x_wconf 86' lang='lat' dir='ltr'>Petro</span> <span class='ocrx_word' id='word_1_13' title='bbox 179 418 434 518; x_wconf 85' lang='lat' dir='ltr'>Apostolorum</span> <span class='ocrx_word' id='word_1_14' title='bbox 456 420 622 519; x_wconf 76' lang='lat' dir='ltr'>Principe</span> <span class='ocrx_word' id='word_1_15' title='bbox 647 424 697 493; x_wconf 89' lang='lat' dir='ltr'>ita</span> <span class='ocrx_word' id='word_1_16' title='bbox 724 422 907 518; x_wconf 81' lang='lat' dir='ltr'>loquitura</span> 
     </span>
     <span class='ocr_line' id='line_1_4' title="bbox 54 515 908 617; baseline -0.006 -20"><span class='ocrx_word' id='word_1_17' title='bbox 54 516 199 597; x_wconf 78' lang='lat' dir='ltr'><em>Aderat</em></span> <span class='ocrx_word' id='word_1_18' title='bbox 223 518 269 596; x_wconf 49' lang='grc' dir='ltr'>Εἴ</span> <span class='ocrx_word' id='word_1_19' title='bbox 294 517 424 593; x_wconf 83' lang='lat' dir='ltr'>Petrus</span> <span class='ocrx_word' id='word_1_20' title='bbox 436 515 641 617; x_wconf 83' lang='lat' dir='ltr'>strpremum</span> <span class='ocrx_word' id='word_1_21' title='bbox 664 516 764 594; x_wconf 84' lang='lat' dir='ltr'>decut&#39;</span> <span class='ocrx_word' id='word_1_22' title='bbox 781 517 828 596; x_wconf 53' lang='grc' dir='ltr'>ἔθ’</span> <span class='ocrx_word' id='word_1_23' title='bbox 845 542 908 592; x_wconf 86' lang='lat' dir='ltr'>an·</span> 
     </span>
     <span class='ocr_line' id='line_1_5' title="bbox 56 613 912 723; baseline -0.001 -27"><span class='ocrx_word' id='word_1_24' title='bbox 56 618 284 723; x_wconf 78' lang='lat' dir='ltr'>tiquifflrnum</span> <span class='ocrx_word' id='word_1_25' title='bbox 332 613 586 719; x_wconf 78' lang='lat' dir='ltr'>Theologoram</span> <span class='ocrx_word' id='word_1_26' title='bbox 621 617 787 696; x_wconf 82' lang='lat' dir='ltr'><em>columen.</em></span> <span class='ocrx_word' id='word_1_27' title='bbox 853 621 912 695; x_wconf 77' lang='lat' dir='ltr'>Ex</span> 
     </span>
     <span class='ocr_line' id='line_1_6' title="bbox 54 713 913 808; baseline -0.005 -14"><span class='ocrx_word' id='word_1_28' title='bbox 54 713 287 794; x_wconf 81' lang='lat' dir='ltr'>vetustiffima</span> <span class='ocrx_word' id='word_1_29' title='bbox 320 740 395 791; x_wconf 89' lang='lat' dir='ltr'>non</span> <span class='ocrx_word' id='word_1_30' title='bbox 427 740 546 789; x_wconf 78' lang='lat' dir='ltr'>minus</span> <span class='ocrx_word' id='word_1_31' title='bbox 587 718 766 808; x_wconf 83' lang='lat' dir='ltr'>Majorum</span> <span class='ocrx_word' id='word_1_32' title='bbox 800 719 913 791; x_wconf 89' lang='lat' dir='ltr'>tradi·</span> 
     </span>
     <span class='ocr_line' id='line_1_7' title="bbox 55 813 972 914; baseline -0.003 -21"><span class='ocrx_word' id='word_1_33' title='bbox 55 813 972 914; x_wconf 54' lang='lat' dir='ltr'>mmmmmmmmmw.</span> 
     </span>
     <span class='ocr_line' id='line_1_8' title="bbox 55 910 913 1012; baseline 0 -21"><span class='ocrx_word' id='word_1_34' title='bbox 55 924 134 1004; x_wconf 84' lang='lat' dir='ltr'>uit,</span> <span class='ocrx_word' id='word_1_35' title='bbox 170 926 214 987; x_wconf 86' lang='lat' dir='ltr'>ut</span> <span class='ocrx_word' id='word_1_36' title='bbox 247 914 383 1012; x_wconf 84' lang='lat' dir='ltr'>quaevis</span> <span class='ocrx_word' id='word_1_37' title='bbox 418 910 581 988; x_wconf 74' lang='lat' dir='ltr'>doctrina</span> <span class='ocrx_word' id='word_1_38' title='bbox 608 913 677 1009; x_wconf 79' lang='lat' dir='ltr'>five</span> <span class='ocrx_word' id='word_1_39' title='bbox 712 913 825 990; x_wconf 87' lang='lat' dir='ltr'>sermo</span> <span class='ocrx_word' id='word_1_40' title='bbox 861 917 913 991; x_wconf 82' lang='lat' dir='ltr'>de</span> 
     </span>
     <span class='ocr_line' id='line_1_9' title="bbox 55 1013 913 1112; baseline -0.001 -22"><span class='ocrx_word' id='word_1_41' title='bbox 55 1017 137 1112; x_wconf 82' lang='lat' dir='ltr'>Deo</span> <span class='ocrx_word' id='word_1_42' title='bbox 161 1013 349 1110; x_wconf 85' lang='lat' dir='ltr'>rebusque</span> <span class='ocrx_word' id='word_1_43' title='bbox 374 1013 504 1087; x_wconf 89' lang='lat' dir='ltr'>divinis</span> <span class='ocrx_word' id='word_1_44' title='bbox 531 1013 726 1087; x_wconf 82' lang='lat' dir='ltr'>secundum</span> <span class='ocrx_word' id='word_1_45' title='bbox 751 1014 913 1089; x_wconf 66' lang='lat' dir='ltr'>nominis</span> 
     </span>
     <span class='ocr_line' id='line_1_10' title="bbox 56 1108 911 1212; baseline 0.001 -25"><span class='ocrx_word' id='word_1_46' title='bbox 56 1113 106 1187; x_wconf 86' lang='lat' dir='ltr'>sui</span> <span class='ocrx_word' id='word_1_47' title='bbox 146 1130 302 1210; x_wconf 87' lang='lat' dir='ltr'>etymon</span> <span class='ocrx_word' id='word_1_48' title='bbox 325 1108 528 1211; x_wconf 84' lang='lat' dir='ltr'>Theologia</span> <span class='ocrx_word' id='word_1_49' title='bbox 553 1110 662 1186; x_wconf 84' lang='lat' dir='ltr'>soleat</span> <span class='ocrx_word' id='word_1_50' title='bbox 697 1112 911 1212; x_wconf 63' lang='lat' dir='ltr'>nuncuparit</span> 
     </span>
     <span class='ocr_line' id='line_1_11' title="bbox 57 1208 914 1310; baseline 0.001 -23"><span class='ocrx_word' id='word_1_51' title='bbox 57 1210 149 1287; x_wconf 80' lang='lat' dir='ltr'>Late</span> <span class='ocrx_word' id='word_1_52' title='bbox 174 1227 325 1306; x_wconf 87' lang='lat' dir='ltr'>accepta</span> <span class='ocrx_word' id='word_1_53' title='bbox 349 1208 509 1285; x_wconf 82' lang='lat' dir='ltr'>admittit</span> <span class='ocrx_word' id='word_1_54' title='bbox 533 1209 733 1310; x_wconf 83' lang='lat' dir='ltr'>quemlibet</span> <span class='ocrx_word' id='word_1_55' title='bbox 757 1211 803 1287; x_wconf 92' lang='lat' dir='ltr'>de</span> <span class='ocrx_word' id='word_1_56' title='bbox 827 1214 914 1288; x_wconf 87' lang='lat' dir='ltr'>Deo</span> 
     </span>
    </p>
   </div>
   <div class='ocr_carea' id='block_1_3' title="bbox 58 1306 1028 1398">
    <p class='ocr_par' dir='ltr' id='par_1_3' title="bbox 58 1306 1028 1398">
     <span class='ocr_line' id='line_1_12' title="bbox 58 1306 1028 1398; baseline -0.002 -12"><span class='ocrx_word' id='word_1_57' title='bbox 58 1312 283 1395; x_wconf 84' lang='lat' dir='ltr'>sermonem,</span> <span class='ocrx_word' id='word_1_58' title='bbox 328 1312 440 1383; x_wconf 87' lang='lat' dir='ltr'>etiam</span> <span class='ocrx_word' id='word_1_59' title='bbox 474 1306 548 1383; x_wconf 87' lang='lat' dir='ltr'>solo</span> <span class='ocrx_word' id='word_1_60' title='bbox 592 1307 745 1383; x_wconf 88' lang='lat' dir='ltr'>naturali</span> <span class='ocrx_word' id='word_1_61' title='bbox 775 1306 920 1387; x_wconf 82' lang='lat' dir='ltr'>lumine·</span> <span class='ocrx_word' id='word_1_62' title='bbox 1019 1382 1028 1398; x_wconf 55' lang='grc'>,,</span> 
     </span>
    </p>
   </div>
   <div class='ocr_carea' id='block_1_4' title="bbox 59 1404 1016 2784">
    <p class='ocr_par' dir='ltr' id='par_1_4' title="bbox 59 1404 958 1801">
     <span class='ocr_line' id='line_1_13' title="bbox 59 1404 958 1609; baseline 0.001 -26"><span class='ocrx_word' id='word_1_63' title='bbox 59 1405 510 1598; x_wconf 65' lang='lat' dir='ltr'>iilibiiilii·</span> <span class='ocrx_word' id='word_1_64' title='bbox 523 1404 917 1605; x_wconf 60' lang='lat' dir='ltr'>piittziiiiiii</span> <span class='ocrx_word' id='word_1_65' title='bbox 955 1602 958 1609; x_wconf 17' lang='lat'><strong><em>¹</em></strong></span> 
     </span>
     <span class='ocr_line' id='line_1_14' title="bbox 59 1600 917 1702; baseline 0 -23"><span class='ocrx_word' id='word_1_66' title='bbox 59 1600 279 1682; x_wconf 80' lang='lat' dir='ltr'>destribuiffe</span> <span class='ocrx_word' id='word_1_67' title='bbox 303 1604 340 1677; x_wconf 89' lang='lat' dir='ltr'>in</span> <span class='ocrx_word' id='word_1_68' title='bbox 365 1603 568 1702; x_wconf 82' lang='lat' dir='ltr'>physicam,</span> <span class='ocrx_word' id='word_1_69' title='bbox 605 1605 917 1696; x_wconf 83' lang='lat' dir='ltr'>mathematicam,</span> 
     </span>
     <span class='ocr_line' id='line_1_15' title="bbox 61 1699 927 1801; baseline 0.005 -22"><span class='ocrx_word' id='word_1_70' title='bbox 61 1704 98 1779; x_wconf 69' lang='grc' dir='ltr'>ἃ</span> <span class='ocrx_word' id='word_1_71' title='bbox 121 1699 372 1801; x_wconf 84' lang='lat' dir='ltr'>theologiam,</span> <span class='ocrx_word' id='word_1_72' title='bbox 408 1704 444 1775; x_wconf 91' lang='lat' dir='ltr'>id</span> <span class='ocrx_word' id='word_1_73' title='bbox 470 1703 569 1800; x_wconf 85' lang='lat' dir='ltr'>quod</span> <span class='ocrx_word' id='word_1_74' title='bbox 600 1701 800 1779; x_wconf 85' lang='lat' dir='ltr'>nostrorum</span> <span class='ocrx_word' id='word_1_75' title='bbox 855 1716 927 1783; x_wconf 69' lang='lat' dir='ltr'>uo,</span> 
     </span>
    </p>

    <p class='ocr_par' dir='ltr' id='par_1_5' title="bbox 59 1730 1016 2784">
     <span class='ocr_line' id='line_1_16' title="bbox 60 1730 1016 1902; baseline 0.001 -24"><span class='ocrx_word' id='word_1_76' title='bbox 60 1824 131 1902; x_wconf 84' lang='lat' dir='ltr'>que</span> <span class='ocrx_word' id='word_1_77' title='bbox 156 1812 373 1898; x_wconf 85' lang='lat' dir='ltr'>temporum¹</span> <span class='ocrx_word' id='word_1_78' title='bbox 394 1796 598 1899; x_wconf 84' lang='lat' dir='ltr'>Philosophi</span> <span class='ocrx_word' id='word_1_79' title='bbox 631 1800 791 1891; x_wconf 87' lang='lat' dir='ltr'>faciunt,</span> <span class='ocrx_word' id='word_1_80' title='bbox 826 1730 916 1879; x_wconf 68' lang='lat' dir='ltr'>lum</span> <span class='ocrx_word' id='word_1_81' title='bbox 1001 1780 1016 1815; x_wconf 81' lang='lat'><em>&#39;</em></span> 
     </span>
     <span class='ocr_line' id='line_1_17' title="bbox 59 1897 916 2001; baseline -0.005 -25"><span class='ocrx_word' id='word_1_82' title='bbox 59 1922 204 2001; x_wconf 85' lang='lat' dir='ltr'>partem</span> <span class='ocrx_word' id='word_1_83' title='bbox 230 1897 345 1988; x_wconf 87' lang='lat' dir='ltr'>iiiam,</span> <span class='ocrx_word' id='word_1_84' title='bbox 371 1901 410 1974; x_wconf 90' lang='lat' dir='ltr'>in</span> <span class='ocrx_word' id='word_1_85' title='bbox 434 1901 576 1998; x_wconf 85' lang='lat' dir='ltr'>quade</span> <span class='ocrx_word' id='word_1_86' title='bbox 601 1902 705 1988; x_wconf 87' lang='lat' dir='ltr'>Deo,</span> <span class='ocrx_word' id='word_1_87' title='bbox 740 1899 819 1991; x_wconf 87' lang='lat' dir='ltr'>ejus</span> <span class='ocrx_word' id='word_1_88' title='bbox 843 1901 916 1975; x_wconf 81' lang='lat' dir='ltr'>exi·</span> 
     </span>
     <span class='ocr_line' id='line_1_18' title="bbox 61 1992 919 2086; baseline 0 -13"><span class='ocrx_word' id='word_1_89' title='bbox 61 1996 191 2074; x_wconf 75' lang='lat' dir='ltr'>stantia</span> <span class='ocrx_word' id='word_1_90' title='bbox 205 2042 218 2086; x_wconf 92' lang='lat'>,</span> <span class='ocrx_word' id='word_1_91' title='bbox 247 1992 410 2084; x_wconf 80' lang='lat' dir='ltr'>cilentio,</span> <span class='ocrx_word' id='word_1_92' title='bbox 449 1998 691 2070; x_wconf 86' lang='lat' dir='ltr'>attributis&amp;</span> <span class='ocrx_word' id='word_1_93' title='bbox 717 1995 919 2073; x_wconf 67' lang='grc' dir='ltr'>εᾶῐοηίὺιιε</span> 
     </span>
     <span class='ocr_line' id='line_1_19' title="bbox 64 2090 919 2192; baseline -0.006 -21"><span class='ocrx_word' id='word_1_94' title='bbox 64 2120 109 2171; x_wconf 81' lang='lat' dir='ltr'>ex</span> <span class='ocrx_word' id='word_1_95' title='bbox 120 2092 285 2170; x_wconf 78' lang='lat' dir='ltr'>univero</span> <span class='ocrx_word' id='word_1_96' title='bbox 301 2093 407 2189; x_wconf 85' lang='lat' dir='ltr'>hujus</span> <span class='ocrx_word' id='word_1_97' title='bbox 427 2090 735 2192; x_wconf 77' lang='lat' dir='ltr'>contemplatione</span> <span class='ocrx_word' id='word_1_98' title='bbox 750 2093 919 2184; x_wconf 74' lang='lat' dir='ltr'>trauan,</span> 
     </span>
     <span class='ocr_line' id='line_1_20' title="bbox 73 2188 924 2296; baseline 0.001 -27"><span class='ocrx_word' id='word_1_99' title='bbox 73 2192 296 2296; x_wconf 74' lang='lat' dir='ltr'>lbeologiam</span> <span class='ocrx_word' id='word_1_100' title='bbox 348 2188 548 2266; x_wconf 80' lang='lat' dir='ltr'>naturalem</span> <span class='ocrx_word' id='word_1_101' title='bbox 597 2190 810 2267; x_wconf 79' lang='lat' dir='ltr'>&#39;inscribunt</span> <span class='ocrx_word' id='word_1_102' title='bbox 884 2193 924 2271; x_wconf 84' lang='lat' dir='ltr'>Si</span> 
     </span>
     <span class='ocr_line' id='line_1_21' title="bbox 68 2290 923 2391; baseline 0.001 -25"><span class='ocrx_word' id='word_1_103' title='bbox 68 2316 154 2368; x_wconf 88' lang='lat' dir='ltr'>vero</span> <span class='ocrx_word' id='word_1_104' title='bbox 180 2291 310 2391; x_wconf 75' lang='lat' dir='ltr'>stritle</span> <span class='ocrx_word' id='word_1_105' title='bbox 346 2290 529 2377; x_wconf 87' lang='lat' dir='ltr'>sumatur,</span> <span class='ocrx_word' id='word_1_106' title='bbox 563 2312 678 2388; x_wconf 85' lang='lat' dir='ltr'>caque</span> <span class='ocrx_word' id='word_1_107' title='bbox 717 2314 790 2389; x_wconf 89' lang='lat' dir='ltr'>qua</span> <span class='ocrx_word' id='word_1_108' title='bbox 822 2312 923 2367; x_wconf 84' lang='lat' dir='ltr'>vete·</span> 
     </span>
     <span class='ocr_line' id='line_1_22' title="bbox 66 2384 919 2486; baseline -0.004 -19"><span class='ocrx_word' id='word_1_109' title='bbox 66 2410 122 2468; x_wconf 83' lang='lat' dir='ltr'>tes</span> <span class='ocrx_word' id='word_1_110' title='bbox 147 2384 268 2466; x_wconf 81' lang='lat' dir='ltr'>Glaeci</span> <span class='ocrx_word' id='word_1_111' title='bbox 296 2390 418 2464; x_wconf 87' lang='lat' dir='ltr'>Patres</span> <span class='ocrx_word' id='word_1_112' title='bbox 444 2387 682 2486; x_wconf 85' lang='lat' dir='ltr'>usurpabant,</span> <span class='ocrx_word' id='word_1_113' title='bbox 707 2389 802 2463; x_wconf 86' lang='lat' dir='ltr'>iliam</span> <span class='ocrx_word' id='word_1_114' title='bbox 829 2391 919 2464; x_wconf 90' lang='lat' dir='ltr'>dun·</span> 
     </span>
     <span class='ocr_line' id='line_1_23' title="bbox 65 2485 1007 2586; baseline -0.01 -20"><span class='ocrx_word' id='word_1_115' title='bbox 65 2506 166 2566; x_wconf 81' lang='lat' dir='ltr'>taxat</span> <span class='ocrx_word' id='word_1_116' title='bbox 204 2492 240 2562; x_wconf 87' lang='lat' dir='ltr'>S.</span> <span class='ocrx_word' id='word_1_117' title='bbox 258 2485 438 2564; x_wconf 78' lang='lat' dir='ltr'>nourinae</span> <span class='ocrx_word' id='word_1_118' title='bbox 471 2508 612 2586; x_wconf 77' lang='lat' dir='ltr'>partem</span> <span class='ocrx_word' id='word_1_119' title='bbox 645 2485 922 2585; x_wconf 68' lang='lat' dir='ltr'>complectitur,</span> <span class='ocrx_word' id='word_1_120' title='bbox 1004 2492 1007 2499; x_wconf 90' lang='lat'>&#39;</span> 
     </span>
     <span class='ocr_line' id='line_1_24' title="bbox 62 2586 922 2687; baseline -0.005 -24"><span class='ocrx_word' id='word_1_121' title='bbox 62 2612 143 2687; x_wconf 77' lang='lat' dir='ltr'>qua:</span> <span class='ocrx_word' id='word_1_122' title='bbox 169 2587 217 2662; x_wconf 84' lang='lat' dir='ltr'>de</span> <span class='ocrx_word' id='word_1_123' title='bbox 233 2586 367 2661; x_wconf 86' lang='lat' dir='ltr'>Christi</span> <span class='ocrx_word' id='word_1_124' title='bbox 391 2588 600 2674; x_wconf 85' lang='lat' dir='ltr'>divinitate,</span> <span class='ocrx_word' id='word_1_125' title='bbox 628 2588 779 2679; x_wconf 85' lang='lat' dir='ltr'>eiusque</span> <span class='ocrx_word' id='word_1_126' title='bbox 803 2588 922 2659; x_wconf 76' lang='lat' dir='ltr'>inror-</span> 
     </span>
     <span class='ocr_line' id='line_1_25' title="bbox 64 2682 923 2784; baseline -0.006 -21"><span class='ocrx_word' id='word_1_127' title='bbox 64 2688 211 2763; x_wconf 76' lang='lat' dir='ltr'>natione</span> <span class='ocrx_word' id='word_1_128' title='bbox 237 2688 332 2784; x_wconf 84' lang='lat' dir='ltr'>agit,</span> <span class='ocrx_word' id='word_1_129' title='bbox 362 2682 522 2769; x_wconf 60' lang='lat' dir='ltr'>nuatum*</span> <span class='ocrx_word' id='word_1_130' title='bbox 545 2688 706 2782; x_wconf 85' lang='lat' dir='ltr'>priorem</span> <span class='ocrx_word' id='word_1_131' title='bbox 742 2682 923 2758; x_wconf 68' lang='lat' dir='ltr'>trattatio·</span> 
     </span>
    </p>
   </div>
   <div class='ocr_carea' id='block_1_5' title="bbox 64 2766 927 3080">
    <p class='ocr_par' dir='ltr' id='par_1_6' title="bbox 64 2766 927 3080">
     <span class='ocr_line' id='line_1_26' title="bbox 64 2766 924 2878; baseline -0.002 -17"><span class='ocrx_word' id='word_1_132' title='bbox 64 2810 150 2863; x_wconf 83' lang='lat' dir='ltr'>nem</span> <span class='ocrx_word' id='word_1_133' title='bbox 179 2778 400 2878; x_wconf 61' lang='grc' dir='ltr'>Θωλογίαν,</span> <span class='ocrx_word' id='word_1_134' title='bbox 435 2780 669 2878; x_wconf 75' lang='lat' dir='ltr'>posteriorem</span> <span class='ocrx_word' id='word_1_135' title='bbox 706 2804 800 2857; x_wconf 85' lang='lat' dir='ltr'>vero·</span> <span class='ocrx_word' id='word_1_136' title='bbox 824 2766 924 2859; x_wconf 79' lang='lat' dir='ltr'>Oiuo·</span> 
     </span>
     <span class='ocr_line' id='line_1_27' title="bbox 66 2878 923 2976; baseline -0.005 -15"><span class='ocrx_word' id='word_1_137' title='bbox 66 2882 188 2975; x_wconf 72' lang='grc' dir='ltr'><strong><em>ιομίαν</em></strong></span> <span class='ocrx_word' id='word_1_138' title='bbox 214 2885 362 2956; x_wconf 71' lang='grc' dir='ltr'>Ευίὲυιο</span> <span class='ocrx_word' id='word_1_139' title='bbox 390 2879 479 2952; x_wconf 83' lang='lat' dir='ltr'>telle</span> <span class='ocrx_word' id='word_1_140' title='bbox 506 2878 744 2976; x_wconf 82' lang='lat' dir='ltr'>appellabant.</span> <span class='ocrx_word' id='word_1_141' title='bbox 795 2881 848 2953; x_wconf 84' lang='lat' dir='ltr'>Ita</span> <span class='ocrx_word' id='word_1_142' title='bbox 874 2884 923 2957; x_wconf 90' lang='lat' dir='ltr'>D.</span> 
     </span>
     <span class='ocr_line' id='line_1_28' title="bbox 68 2976 927 3080; baseline -0.007 -18"><span class='ocrx_word' id='word_1_143' title='bbox 68 2986 226 3077; x_wconf 78' lang='lat' dir='ltr'>loannes</span> <span class='ocrx_word' id='word_1_144' title='bbox 252 2982 347 3055; x_wconf 86' lang='lat' dir='ltr'>inter</span> <span class='ocrx_word' id='word_1_145' title='bbox 372 2976 624 3077; x_wconf 80' lang='lat' dir='ltr'>Evangelilias·</span> <span class='ocrx_word' id='word_1_146' title='bbox 653 2976 831 3080; x_wconf 80' lang='lat' dir='ltr'>Theologi</span> <span class='ocrx_word' id='word_1_147' title='bbox 864 3004 927 3056; x_wconf 91' lang='lat' dir='ltr'>no·</span> 
     </span>
    </p>
   </div>
   <div class='ocr_carea' id='block_1_6' title="bbox 109 3101 927 3266">
    <p class='ocr_par' dir='ltr' id='par_1_7' title="bbox 109 3101 927 3266">
     <span class='ocr_line' id='line_1_29' title="bbox 109 3101 927 3266; baseline -0.011 -20"><span class='ocrx_word' id='word_1_148' title='bbox 109 3182 163 3266; x_wconf 79' lang='lat' dir='ltr'>(a)</span> <span class='ocrx_word' id='word_1_149' title='bbox 189 3170 261 3245; x_wconf 72' lang='lat' dir='ltr'>lab.</span> <span class='ocrx_word' id='word_1_150' title='bbox 278 3175 312 3244; x_wconf 87' lang='lat'>6.</span> <span class='ocrx_word' id='word_1_151' title='bbox 335 3165 473 3265; x_wconf 77' lang='lat' dir='ltr'>Metapl.</span> <span class='ocrx_word' id='word_1_152' title='bbox 840 3101 927 3156; x_wconf 55' lang='lat' dir='ltr'>men</span> 
     </span>
    </p>
   </div>
   <div class='ocr_carea' id='block_1_7' title="bbox 572 3273 661 3359">
    <p class='ocr_par' dir='ltr' id='par_1_8' title="bbox 572 3273 661 3359">
     <span class='ocr_line' id='line_1_30' title="bbox 572 3273 661 3359; baseline 0.056 -5"><span class='ocrx_word' id='word_1_153' title='bbox 572 3273 661 3359; x_wconf 83' lang='lat' dir='ltr'>Aa</span> 
     </span>
    </p>
   </div>
   <div class='ocr_carea' id='block_1_8' title="bbox 0 0 1074 3698">
    <p class='ocr_par' dir='ltr' id='par_1_9' title="bbox 0 0 1074 3698">
     <span class='ocr_line' id='line_1_31' title="bbox 0 0 1074 3698; baseline 0 0"><span class='ocrx_word' id='word_1_154' title='bbox 0 0 1074 3698; x_wconf 95' lang='lat' dir='ltr'> </span> 
     </span>
    </p>
   </div>
  </div>
 </body>
</html>
