2108 3698
123 183 207 249 220
325 211 342 222 ·-
366 153 469 268 Con·
492 149 581 243 VII.
641 151 721 266 ers

127 320 196 386 nes
218 302 375 395 cujusvis
402 303 597 377 ordinis&
622 300 839 387 conditionis
865 303 984 380 horni-

131 428 196 482 nes
217 404 251 475 in
271 404 475 475 Romanum
493 399 705 474 Pontificem
724 399 805 500 eligi
831 398 982 499 poffint‚

130 525 199 576 nec
224 499 286 573 ulli
312 518 415 595 porta
441 499 486 569 ad
519 500 613 572 Petri
639 499 769 571 Sedent
797 499 836 571 fit
860 499 980 575 occid·

132 598 178 673 sa.
208 596 368 699 Quinta,
400 613 440 668 ut
465 595 574 669 finitis
600 596 874 671 novendialibus
899 620 983 673 exe·

131 697 245 795 quin,
283 694 458 789 sacrisque
493 694 551 768 die
585 695 728 766 decimo
777 695 925 792 Spiritui
944 699 985 771 S.

131 790 200 867 rite
227 791 326 864 fastis
353 815 500 879 omnen,
542 793 602 887 qui
627 791 772 878 adsunt,
805 793 994 868 Cardina'

130 891 182 965 les
213 893 247 962 in
287 887 440 977 Palatio,
482 891 578 987 quod
613 909 778 962 mortuus
811 891 985 967 Pontifex

129 988 370 1076 inhabitabat,
397 987 478 1060 loco
502 1003 587 1059 tuto
607 988 768 1085 undique
794 987 982 1085 concluso,

36 1139 38 1143 -
130 1082 169 1165 ἃ
195 1088 333 1184 optime
358 1084 557 1172 custodito,
588 1086 697 1178 quod
721 1083 894 1160 Conclaoe
917 1102 984 1162 uo'd

29 1212 33 1219 ·
132 1202 229 1272 cant,
251 1202 318 1256 con
345 1199 515 1282 regentur
531 1178 684 1256 admiffis
698 1185 873 1258 duntaxat
889 1184 984 1258 duo.

131 1280 199 1355 bus
225 1208 385 1366 famuPis,
422 1283 482 1375 qui
512 1304 532 1353 a
557 1281 705 1356 servitiis
734 1268 822 1370 fnit,
858 1282 896 1356 dt
921 1306 983 1359 ne·

132 1377 274 1454 eeffaria
300 1377 580 1452 subministrent:
608 1402 676 1452 nec
710 1379 817 1454 alicui
853 1400 984 1479 praete·

131 1499 195 1553 rea
219 1476 271 1550 fas
298 1475 360 1565 sit,
385 1474 506 1549 iocum
528 1476 665 1575 ingredi
685 1478 845 1574 exceptis
872 1480 985 1554 certis·

132 1570 348 1673 quibusdam
375 1572 532 1670 personis
560 1576 603 1646 ad
629 1577 665 1646 id
690 1573 894 1663 destinatis,
919 1573 981 1651 vei
997 1638 1005 1651 ,.

133 1673 276 1771 egredi,
305 1668 527 1755 ninafflitrae
550 1671 766 1747 valetudinis
790 1675 884 1749 ratio
909 1675 981 1749 exi·

131 1789 207 1871 gat.
257 1767 385 1856 Sexta,
424 1789 465 1842 ut
492 1769 742 1843 Cardinalibus
770 1795 792 1846 e
816 1770 983 1848 conclavi
1019 1816 1022 1825 ·

76 1944 80 1953 ,
131 1866 229 1940 nulia
264 1868 404 1940 ratione
440 1867 607 1967 progredi
649 1868 774 1956 liceat,
815 1870 878 1942 nifi
910 1873 980 1947 Ro·

37 2001 40 2006 ·
130 1989 241 2039 mano
263 1964 439 2039 Pontifice
465 1965 536 2060 iarn
563 1965 700 2055 eletio,
739 1970 777 2043 dr
811 1967 978 2044 constitu

121 2083 196 2149 ¹to:
222 2064 318 2159 quod
353 2064 374 2136 ii
406 2087 447 2138 re
480 2062 608 2139 inferta
644 2069 816 2160 exierint,
845 2068 890 2139 ab
909 2067 982 2140 iris

132 2165 192 2260 qui
218 2161 383 2236 custodie
408 2162 584 2258 praesunt,
608 2165 740 2238 iterum
764 2164 900 2263 ingredi
914 2186 975 2239 co·

70 2260 73 2267 ’
132 2280 274 2361 gantur.
325 2258 503 2362 Septima,
547 2280 589 2335 ut
629 2261 978 2351 Cardinaiibus'iis,

133 2361 193 2461 qui
219 2357 325 2430 serius
351 2361 530 2434 accedunt
551 2360 596 2431 ad
619 2360 771 2445 urbem,
804 2358 980 2435 conclave

132 2454 354 2552 ingrediendi
380 2456 534 2554 potestas
558 2453 644 2538 fiat,
669 2454 708 2529 dr
728 2479 812 2529 curo
839 2462 977 2533 caeteria

134 2553 336 2651 suffragium
355 2554 517 2638 ferendi,
542 2549 734 2646 nullusque
751 2573 876 2625 eorum
894 2580 975 2653 qur·

133 2655 189 2727 vis
215 2653 374 2738 ratione,
399 2652 509 2722 etiam
534 2647 556 2720 st
583 2650 817 2724 anathematis·
848 2650 975 2728 vinnu-

133 2750 171 2825 lo
197 2749 236 2821 srt
256 2746 461 2833 adsumus,
501 2745 545 2818 ab
567 2744 741 2821 elediione
765 2745 836 2843 ipsa
862 2749 977 2823 arceri

134 2866 254 2946 queat.
309 2842 457 2929 Odinva,
487 2863 530 2916 ut
571 2843 686 2942 elapso
738 2846 783 2917 ab
822 2846 976 2941 ingreffu

132 2948 170 3019 in
187 2936 374 3016 Conclave
396 2962 635 3014 memoratum
651 2943 793 3029 triduo,
818 2944 877 3014 nifi
904 2942 974 3017 coi·

52 3110 55 3115 Α
92 3040 213 3127 ,iaris
253 3035 398 3111 Parrum
430 3037 600 3137 suffragiis
643 3064 759 3115 novus
808 3040 972 3117 Pontifex

101 3130 104 3137 ’
125 3135 302 3242 prodeat,
326 3135 507 3241 Episcopi,
525 3137 653 3241 Reguli
667 3140 842 3230 Romani,
860 3140 898 3216 dt
911 3139 973 3237 qui

887 3259 968 3306 001¹
