2108 3698
118 174 148 241 e
358 144 449 260 Cup.
480 138 522 229 l,
570 143 741 242 indoles,
803 192 807 199 ·

14 334 15 341 κ
118 291 315 398 proverbIo
331 291 401 382 elb,
422 294 568 393 inopem
584 315 645 368 me
665 292 787 367 faciat.
820 291 972 395 Qippe

119 413 196 496 quo
214 391 395 467 sublimior
415 392 552 466 incedit
567 390 643 467 haec
657 390 824 480 scientia,
851 393 889 466 δι
907 417 973 469 cae-

49 534 51 539 ·
118 511 218 585 teras
242 512 371 566 omnes
396 488 661 588 supereminet,
691 512 737 564 eo
764 491 873 564 etium
898 516 973 566 ma·

117 587 469 688 jore'amplioreque
490 584 654 663 instruile
679 588 729 663 est
753 589 971 665 eruditionis

117 688 321 785 omnigenae
350 688 542 784 adparatu,
583 689 629 760 ad
661 694 771 785 quem
804 686 972 784 proferro

117 789 157 862 ἃ
183 788 216 859 S.
227 786 432 882 Scriptura,
458 785 495 858 δι
530 784 721 874 Concilio,
760 785 799 860 ὅ(
824 785 971 862 Pontifi-

46 950 54 961 .
117 908 202 960 cum
222 881 391 972 oracula,
417 884 455 960 ἃ
477 883 623 970 Patres,
650 883 688 958 ἃ
704 883 869 959 universa
878 891 998 985 ,pro-'-

76 1048 83 1059 s
114 981 315 1083 pemodum
329 979 568 1056 Ecclessauica
591 980 887 1058 historiamerito
915 1007 969 1059 re·

113 1079 292 1157 feruutur.
346 1081 490 1154 Verum
527 1079 632 1175 juvat
666 1097 822 1180 coeptum
857 1080 967 1159 semel

113 1180 187 1255 iter
223 1177 390 1278 prosequi
422 1201 466 1254 ae
495 1200 626 1275 urgere
658 1201 774 1277 opus,
817 1179 967 1274 quodsi

112 1302 190 1354 non
214 1300 279 1366 eo,
312 1300 422 1375 quam
454 1276 610 1376 dignitas
641 1276 782 1351 Theolo
810 1278 851 1351 iae
885 1301 965 1377 pos·

41 1404 45 1411 ·
114 1378 187 1464 cit,
210 1392 342 1451 ornatu
367 1373 628 1472 splendoreque
645 1394 764 1474 pertra
802 1398 883 1465 em,
904 1374 965 1450 sal·

113 1493 190 1550 tem
215 1472 361 1549 utilitati
387 1496 430 1547 ac
447 1473 642 1548 eruditioni
664 1470 866 1572 legentium
895 1497 966 1574 pro

33 1580 39 1589 '
111 1573 263 1648 instituti
288 1573 363 1649 mei
386 1573 527 1647 ratione
551 1571 682 1649 servire
707 1575 893 1661 conabor,
918 1575 963 1648 iis

55 1728 57 1733 ,
107 1691 192 1769 quae
216 1671 330 1769 magis
353 1668 600 1746 memorabilia
616 1671 722 1757 sunt,
748 1669 883 1746 seledis
912 1691 963 1747 at·

36 1854 39 1859 ¹
109 1775 248 1864 quein
274 1786 415 1843 certum
432 1766 586 1843 redieris
611 1772 796 1856 ordinem,
824 1769 863 1844 &
882 1791 962 1867 qun

108 1866 216 1950 vallis
256 1865 316 1940 alii
359 1865 605 1944 voluminibus
647 1865 960 1967 complebiuntur,

107 1964 147 2039 in
171 1964 391 2063 compendio
424 1962 623 2058 exhibitis,
659 1969 710 2041 ira
743 1984 785 2040 ut
813 1965 960 2039 scientia

106 2062 323 2140 &eruditio
344 2066 462 2140 amico
481 2064 621 2141 foedere
643 2090 688 2141 ac
711 2084 839 2139 mutuo
860 2061 958 2161 quasi

82 2160 278 2259 'amplexu
310 2164 601 2263 conjungantur,
638 2166 675 2242 &
707 2165 746 2240 in
770 2185 841 2238 uua
875 2160 959 2238 sede

104 2279 308 2337 murentur.
476 2266 479 2279 '
898 2270 901 2275 ·

515 2418 563 2497 11.

152 2553 367 2655 Theologioe
393 2574 573 2649 nomen,
624 2554 764 2632 duabus
804 2554 981 2633 vocibus„

103 2652 187 2737 Θεὸς
205 2655 241 2728 &
252 2650 361 2749 λόγος
377 2651 414 2724 in
432 2673 542 2726 uuum
560 2654 659 2731 coire
672 2653 791 2747 juliis,
817 2678 839 2729 e
856 2656 956 2747 Gru·

101 2755 159 2828 cia
183 2753 289 2825 Latio
315 2752 454 2823 illatum
479 2750 618 2826 nullum
645 2754 794 2850 quidem
821 2755 871 2829 sui
890 2776 957 2831 ne·

100 2848 242 2947 {ligium
266 2847 390 2946 prodit
414 2850 451 2922 in
487 2851 521 2924 S.
539 2851 682 2927 Codice
709 2850 780 2928 five
804 2855 954 2929 Veteris

99 2944 174 3019 five
188 2947 288 3021 Novi
304 2945 538 3023 Testamenti.
581 2949 725 3031 Primus
738 2949 809 3028 fuit
828 2952 955 3028 S.Dio·

48 3046 54 3065 ¹
97 3041 217 3139 nyfius
243 3047 482 3143 Areopagites,
516 3048 577 3144 qtli
603 3048 735 3149 Chrisli
762 3049 955 3150 discipulos

16 3222 26 3264 ·;
89 3136 233 3305 legitur
257 3141 690 3289 appellnlseTbeologos,
713 3149 804 3251 dnm
827 3151 866 3307 in
892 3148 955 3323 sgr:
