2108 3698
115 151 201 240 302
259 175 261 179 ·
356 126 447 242 Cap.
472 122 592 214 VIII.
653 109 734 239 Jrrs
889 108 892 115 ’

114 256 221 352 finnt.
288 252 384 373 Nam
419 275 499 349 haec
537 273 751 350 conferendi
787 270 970 370 potestas,

115 396 317 488 eorumque
348 376 510 472 cognitio
545 375 592 449 od
622 372 736 448 solum
770 372 972 487 Imperato-

116 490 399 574 remapertrnet:
434 473 584 546 demum
611 469 722 545 causae
748 470 969 565 crzmmalm

29 594 37 653 ἢ
116 574 213 648 circa
248 593 335 668 quas
369 569 526 646 Carolus
552 573 601 645 V.
626 567 795 668 Augustae
826 568 971 645 Vinde-

114 670 268 746 licorum
303 669 341 743 ὅ(
373 671 579 755 Ratisbonae
613 693 670 743 an.
703 689 807 762 1530.
842 670 881 742 δι
908 692 969 762 32.

114 768 314 941 pyecubiores
336 768 450 882 edidit
476 767 786 856 Constitutiones,
815 765 970 862 Nemests

144 892 207 940 aro
224 890 288 938 ma
303 882 520 940 nominatas.
663 920 665 925 s
839 889 840 893 ’

58 955 66 961 ’
134 1054 137 1058 ¹
163 965 348 1063 Qrintum
368 966 463 1037 inter
480 963 581 1064 leges
595 963 743 1063 Imperii
762 961 885 1038 locum
902 963 968 1038 ob·

113 1063 208 1139 tinec
234 1061 529 1163 PaxReligiosa,
565 1063 641 1136 dira
676 1058 884 1136 neceffitcre
918 1063 968 1136 ad

113 1164 253 1247 majora
287 1161 383 1234 mala
422 1161 593 1255 evitanda
624 1184 645 1234 a
678 1161 903 1234 ferdinando
938 1165 967 1234 1.

20 1288 22 1292 ·
111 1260 226 1348 inita,
254 1258 403 1333 Paffavii
433 1284 491 1332 an.
532 1278 638 1350 1555.
678 1261 716 1332 ὃ(
742 1282 806 1356 per
831 1258 968 1351 Instru-
999 1288 1003 1295 ·

37 1370 43 1385 '
111 1372 268 1433 mentum
293 1359 393 1432 Pacis
413 1357 679 1458 Westphelicae
705 1376 880 1432 renovata
903 1383 966 1435 an.

116 1470 224 1551 1548.
270 1456 536 1531 Nammstibus
553 1457 622 1532 illis
636 1457 876 1553 temporibus,
890 1452 967 1553 qui,-

112 1555 180 1629 bus
224 1556 311 1630 hinc
345 1553 436 1631 seria
467 1555 677 1630 Lutherana
712 1555 749 1628 &
783 1555 963 1630 calvinia-

113 1677 184 1741 na,
216 1655 301 1727 inde
335 1677 437 1728 arma
467 1657 616 1729 Suecica
648 1655 685 1725 &
718 1652 862 1746 Galfica
894 1654 962 1727 lm·

114 1754 256 1850 perium
289 1753 326 1826 δι
363 1751 600 1827 Germaniam
637 1751 813 1848 susdeque
845 1772 966 1827 verce·

112 1871 216 1940 runt,
244 1851 280 1927 δι
307 1849 403 1924 sacra
428 1851 586 1951 profanis
613 1874 655 1924 ac
681 1845 831 1949 profan'a
857 1849 965 1924 sacris

110 1948 350 2037 miscuerunt,
373 1951 492 2047 primo
519 1947 668 2024 Paffavii
691 1951 727 2022 in
754 1972 814 2022 eas
840 1951 965 2026 condi-

19 2088 24 2106 ι
110 2047 231 2121 tiones
250 2066 474 2123 conventum
492 2047 566 2153 est,
593 2067 635 2123 ut
651 2047 877 2146 Principibus
893 2031 965 2120 [u-

109 2143 271 2226 ,thermis
303 2149 341 2220 in
374 2165 590 2244 perpetuam
623 2142 870 2245 poffessionem
905 2169 965 2220 oe·

109 2244 285 2338 dotentur
308 2247 408 2318 Bona
427 2245 706 2320 Catholicatum
724 2242 965 2331 Ecclesrarum

108 2341 154 2413 ab
180 2339 258 2438 ipfis
284 2340 456 2435 direpta,
494 2361 573 2413 tum
599 2361 641 2414 ut
667 2342 873 2438 injudicio
900 2339 964 2431 Co·
995 2408 1003 2419 .

11 2510 17 2521 ,
108 2462 213 2515 mem
237 2436 440 2537 Imperialis
456 2461 530 2510 non
548 2437 608 2535 soii
634 2439 806 2538 deinceps
824 2441 962 2516 Catho·
986 2496 991 2511 .

100 2537 182 2624 lici,
211 2535 270 2610 sed
295 2538 332 2610 &
350 2537 558 2609 ‘Lutherani
576 2533 695 2611 sedem
719 2558 959 2632 occuparent.

20 2640 23 2644 ’
108 2637 216 2709 Unde
249 2654 334 2708 nata
366 2632 532 2731 diciaque
564 2635 615 2711 est
648 2633 853 2712 Transaliio
880 2634 962 2711 Pac·

34 2750 52 2803 ἵ
97 2718 283 2831 srrvienfis.
350 2732 418 2806 His
449 2735 607 2811 necdum
642 2749 815 2824 contenta
847 2732 960 2811 faiiio

106 2832 339 2930 Lutnenna,
377 2850 420 2904 ur
446 2835 554 2909 rebus
581 2836 647 2908 suis
673 2827 804 2904 armus
831 2834 961 2909 consu·

59 2993 61 2996 .
107 2930 218 3017 leret,
245 2931 430 3028 perpetuis
456 2932 610 3032 querelis
635 2953 677 3004 ac
702 2932 817 3005 turbis
838 2954 959 3009 extor-

107 3026 169 3118 sit,
204 3047 245 3101 ut
269 3029 499 3125 postmodum
523 3033 559 3103 in
588 3028 758 3102 Comitiis
782 3030 959 3130 Augusta·

106 3128 316 3222 nis-eadem
342 3122 545 3212 Transaiiio
569 3127 715 3227 publica
740 3131 886 3229 imperii
907 3128 958 3202 le·
992 3150 998 3159 ·

907 3250 956 3326 ge
